2474 4080
353 248 425 311 VII.
449 255 479 310 7.
523 249 739 330 (Alcibiades.)
949 255 991 315 38

89 395 154 472 ejus
169 412 266 469 opera.
308 394 407 467 Itaque
423 404 452 450 et
467 393 576 450 Siciliae
599 394 744 465 amissum,
766 405 795 452 et
810 396 992 454 Lacedaemo-

87 475 202 531 niorum
212 473 346 529 victorias
362 473 452 546 culpae
467 491 525 528 suae
540 472 708 542 tribuebant,
719 475 794 547 quod
807 476 892 530 talem
902 476 993 532 virum

89 551 239 608 ecivitate
255 551 443 625 expulissent.
485 550 589 622 Neque
611 551 640 606 id
664 551 728 608 sine
754 571 842 608 causa
863 554 991 611 arbitrari

87 630 268 687 videbantur.
312 629 387 685 Nam
400 639 549 702 postquam
562 630 700 684 exercitui
716 648 840 703 praeesse
856 643 990 704 coepcrat,

87 726 184 781 neque
208 718 293 775 terra,
307 725 401 780 neque
422 707 493 762 mari
514 705 613 762 hostes
635 724 722 780 pares
737 726 808 763 esse
828 720 987 782 potuerant.

88 786 150 843 Hic
164 795 195 841 ut
211 804 233 859 e
248 785 315 840 nari
339 803 475 858 egressus
491 795 544 852 est,
558 803 726 856 quamquam
749 784 946 843 Theramenes
962 797 991 843 et
1011 790 1029 843 3

88 864 290 937 Thrasybulus
300 863 411 918 eisdem
420 863 505 917 rebus
515 861 693 937 praefuerant,
703 862 843 935 simulque
854 876 991 920 venerant

87 941 120 998 in
135 942 293 998 Piraeum:
320 951 415 996 tamen
429 940 509 995 illum
523 958 610 995 unum
624 958 724 996 omnes
739 943 989 1014 prosequebantur,

88 1030 127 1088 et,
142 1019 172 1075 id
196 1019 271 1092 quod
291 1037 443 1090 numquam
458 1032 542 1072 antea
558 1037 612 1073 usu
626 1032 752 1086 venerat,
767 1018 824 1074 nisi
850 1020 990 1094 Olympiae

86 1098 254 1166 v'ictoribuS,
280 1097 394 1151 coronis
417 1096 513 1151 aureis
539 1096 682 1168 aeneisque
710 1098 795 1171 vulgo
824 1096 987 1154 donabatur.

89 1176 145 1233 llle
159 1175 312 1231 lacrimans
327 1174 414 1229 talem
427 1174 658 1229 benevolentiam
670 1174 776 1230 civium
790 1194 903 1230 suorum
913 1177 989 1232 acci·

86 1254 194 1329 plebat,
209 1253 399 1308 reminiscens
414 1251 527 1325 pristini
541 1252 676 1325 temporis
692 1253 883 1309 acerbitatem.
907 1255 989 1310 Post·
1010 1256 1029 1311 4

87 1349 173 1405 quam
195 1341 258 1386 astu
272 1329 360 1397 venit,
376 1329 516 1385 concione
538 1329 676 1385 advocata
697 1330 741 1385 sic
755 1333 844 1387 verba
868 1331 946 1400 secit,
958 1343 989 1388 ut

87 1427 174 1466 nemo
188 1420 245 1464 tam
259 1407 336 1464 serus
351 1407 446 1475 fuerit,
465 1407 533 1479 quin
555 1408 617 1481 ejus
633 1426 731 1463 casum
753 1409 915 1478 lacrimarit,
936 1410 990 1466 ini·

87 1487 249 1560 micumque
265 1485 311 1541 his
327 1505 359 1541 se
376 1485 542 1552 ostenderit,
557 1504 674 1557 quorum
688 1493 776 1558 opera
789 1488 879 1561 patria
890 1489 988 1562 pulsus

87 1564 190 1633 suerat,
215 1564 335 1637 proinde
361 1583 395 1618 ac
419 1564 444 1618 si
466 1564 539 1618 alius
554 1565 685 1637 populus,
705 1583 763 1620 non
784 1565 833 1621 ille
849 1565 922 1638 ipse,
941 1567 989 1639 qui

87 1655 147 1710 tum
168 1643 263 1710 flebat,
280 1661 345 1697 eum
369 1641 515 1714 sacrilegii
538 1642 711 1696 damnasset.
753 1642 897 1699 Restituta
921 1662 989 1719 ergo
1010 1649 1028 1699 5

86 1720 156 1778 huic
171 1731 237 1776 sunt
250 1720 365 1793 publice
380 1721 472 1787 bona;
494 1719 636 1791 iidemque
646 1719 688 1774 illi
701 1719 878 1793 Eumolpidae
894 1741 989 1778 sacer·

87 1800 170 1856 dotes
186 1817 283 1854 rursus
298 1816 446 1853 resacrare
462 1809 527 1852 sunt
541 1798 642 1864 coacti,
657 1797 705 1869 qui
719 1816 784 1852 eum
797 1799 988 1867 devoverant;

86 1878 209 1952 pilaeque
224 1877 290 1945 illae,
306 1875 336 1932 in
360 1875 462 1949 quibus
477 1875 591 1930 devotio
616 1874 708 1930 fuerat
732 1875 847 1949 scripta,
862 1875 892 1932 in
911 1895 989 1933 mare

86 1955 281 2030 praecipitatae.

127 2034 197 2091 Vll.
220 2033 292 2089 Haec
309 2032 453 2088 Alcibiadi
475 2029 574 2087 latitia
593 2049 650 2086 non
665 2030 750 2086 nimis
775 2030 827 2086 suit
849 2031 988 2089 diuturna.
1012 2037 1026 2090 l

87 2112 164 2168 Nam
188 2130 275 2184 quum
289 2111 317 2166 ei
341 2128 441 2166 omnes
464 2120 563 2166 essent
584 2108 708 2164 honores
733 2110 852 2178 decreti,
877 2121 988 2184 totaque

86 2190 251 2264 respublica
266 2188 341 2243 domi
355 2188 481 2260 bellique
501 2187 612 2255 tradita,
627 2199 657 2242 ut
671 2186 756 2243 unius
778 2189 892 2245 arbitrio
907 2209 988 2263 gere·

86 2279 181 2336 retur,
204 2277 232 2323 et
252 2267 316 2341 ipse
331 2266 515 2339 postulasset,
529 2276 559 2320 ut
573 2266 628 2321 duo
643 2267 697 2321 sibi
713 2267 831 2341 collegae
846 2268 988 2337 darentur,

88 2345 288 2420 Thrasybulus
312 2356 341 2400 et
365 2344 544 2411 Adimantus
567 2362 659 2416 neque
684 2344 714 2399 id
735 2357 869 2419 negatum
890 2357 986 2403 esset:

88 2425 184 2480 classe
197 2425 256 2498 jam
272 2423 301 2478 in
313 2422 413 2477 Asiam
427 2421 581 2494 prosectuS,
593 2422 667 2494 quod
681 2422 755 2496 apud
771 2423 883 2496 Cymen
895 2423 988 2479 minus

88 2520 126 2558 ex
140 2502 283 2558 sententia
304 2519 365 2556 rem
387 2509 527 2573 gesserat,
542 2500 572 2554 in
596 2499 732 2555 invidiam
752 2501 863 2555 recidit.
906 2500 988 2557 Nihil
1008 2505 1026 2557 2

88 2579 167 2636 enim
181 2599 246 2635 eum
259 2597 316 2634 nou
332 2578 448 2634 efficere
468 2595 556 2651 posse
571 2577 722 2632 ducebant.
764 2576 812 2632 Ex
824 2595 879 2649 quo
895 2578 988 2646 fiebat,

87 2667 119 2713 ut
132 2658 227 2713 omnia
250 2657 344 2712 minus
369 2674 506 2730 prospere
531 2666 613 2729 gesta
628 2655 690 2728 ejus
713 2655 803 2726 culpae
824 2653 988 2723 tribuerent,

88 2753 173 2808 quum
187 2755 253 2790 eum
268 2745 315 2790 aut
328 2734 518 2807 negligenter,
533 2744 580 2787 aut
603 2732 746 2786 malitiose
769 2731 877 2786 secisse
892 2731 989 2804 loque·

88 2824 200 2869 rentur:
223 2814 298 2869 sicut
318 2823 376 2867 tum
391 2811 505 2866 accidit.
548 2811 633 2877 Nam,
649 2819 808 2883 corruptum
827 2827 926 2882 arege
942 2829 988 2864 ca·
1068 2834 1093 2883 ς

88 2908 158 2964 pere
174 2892 287 2966 Cymen
301 2890 440 2956 noluisse,
456 2889 620 2962 arguebant.
662 2888 761 2960 Itaque
782 2887 849 2943 huic
864 2887 987 2944 maxime
1009 2892 1027 2945 3

89 2980 218 3043 putamus
242 2969 316 3024 malo
339 2968 430 3022 fuisse
453 2966 569 3021 nimiam
588 2965 753 3039 opinionem
774 2965 883 3039 ingenii
905 2978 987 3038 atque

90 3047 210 3102 virtutis.
252 3047 419 3102 Timebatur
433 3044 509 3099 enim
523 3062 580 3098 non
593 3044 696 3110 minuS,
711 3063 794 3116 quam
808 3044 988 3117 diligebatur,

88 3143 135 3192 ne,
150 3125 280 3180 secunda
304 3124 414 3178 fortuna
429 3122 595 3194 magnisque
617 3122 718 3193 opibus
741 3122 841 3188 elatus,
863 3122 987 3194 tyranni·

90 3201 153 3258 dem
169 3202 397 3274 concupisceret.
421 3199 531 3264 Quibus
546 3200 630 3254 rebus
645 3198 750 3254 factum
765 3209 818 3265 est,
832 3209 863 3253 ut
877 3199 988 3254 absenti

89 3280 284 3354 magistratum
299 3280 476 3350 abrogarent,
491 3288 519 3331 et
544 3277 630 3330 alium
655 3276 684 3330 in
700 3277 761 3349 ejus
777 3276 871 3330 locum
885 3275 988 3330 substi-

89 3368 209 3413 tuerent.
252 3356 286 3412 ld
300 3356 349 3411 ille
365 3366 394 3409 ut
415 3353 531 3420 audivit,
547 3354 660 3408 domum
675 3353 778 3407 reverti
792 3352 890 3419 noluit,
905 3362 934 3406 et
954 3371 986 3407 se
1007 3357 1025 3407 4

91 3433 221 3509 Pactyen
237 3432 364 3499 contulit,
384 3431 478 3503 ibique
503 3430 692 3485 triacastella
712 3428 902 3496 communivit,
917 3428 988 3484 Bor·
1041 3471 1042 3475 ,

90 3527 152 3579 nos,
167 3510 348 3584 Bysanthen,
362 3507 561 3575 Neontichos5
582 3525 722 3577 manuque
744 3505 866 3559 collecta
879 3506 987 3576 primus

93 3585 212 3644 Graeciae
228 3586 351 3643 civitatis
372 3586 402 3641 in
423 3584 580 3641 Thraciam
592 3583 708 3649 introiit,
722 3580 874 3653 gloriosius
889 3580 987 3635 existi·
