2474 4080
385 277 506 342 XVIII.
554 289 581 344 5.
629 278 821 364 (Eumenes.)
1013 288 1055 347 ⁷5

146 429 223 490 fecto
238 431 312 488 duce
328 432 456 501 Cratero,
470 433 568 489 multis
582 444 721 509 praeterea
732 444 760 490 et
775 434 899 489 maxime
914 434 1057 491 nobilibus

146 511 248 585 captis,
259 511 391 585 pedester
405 513 559 579 exercitus
570 513 644 587 quod
661 514 688 567 in
704 532 739 568 ea
750 513 815 568 loca
829 521 890 568 erat
905 512 1054 581 deductus,

146 599 178 646 ut
192 590 283 645 invito
297 589 431 645 Eumene
446 590 522 645 elabi
547 609 602 646 non
625 601 726 665 posset,
743 610 843 664 pacem
859 591 895 646 ab
909 611 943 646 eo
964 593 1053 665 petiit.

145 666 245 732 Quam
260 685 350 741 quum
363 669 553 741 impetrasset,
566 670 594 723 in
611 669 665 724 fide
681 687 736 723 non
752 669 863 736 mansit,
877 679 904 723 et
918 688 957 736 se,
968 669 1054 725 simul

146 765 182 813 ac
197 747 297 821 potuit,
314 745 348 800 ad
365 746 551 820 Antipatrum
567 748 685 822 recepit.
727 746 874 802 Eumenes
891 746 1053 814 Craterum,
1076 751 1092 804 4

146 843 184 881 ex
198 826 262 880 acie
277 825 449 880 semivivum
465 825 583 890 elatum,
600 843 732 880 recreare
752 823 869 880 studuit.
912 824 1011 888 Quum
1027 826 1054 880 id

129 920 203 959 ·non
219 911 322 976 posset,
338 921 388 977 pro
402 903 525 959 hominis
536 903 683 978 dignitate,
700 921 808 977 proque
823 903 942 976 pristina
957 905 1054 959 amici-

146 980 188 1037 tia
203 982 342 1056 (namque
356 980 406 1037 illo
422 998 492 1036 usus
507 980 755 1048 erat,Alexandro
770 981 844 1047 vivo,
861 979 1054 1055 familiariter)

146 1059 242 1137 amplo
258 1057 359 1115 funere
374 1059 486 1128 extulit,
501 1078 623 1132 ossaque
638 1061 668 1114 in
683 1058 884 1115 Macedoniam
901 1060 982 1114 uxori
992 1059 1055 1134 ejus

146 1154 183 1199 ac
196 1136 296 1193 liberis
311 1138 431 1193 remisit.

186 1214 226 1270 V.
249 1214 323 1271 Haec
334 1215 403 1271 dum
417 1215 492 1289 apud
508 1214 727 1291 Hellespontum
738 1226 888 1290 geruntur,
899 1214 1054 1271 Perdiccas
1077 1217 1091 1270 1

146 1292 222 1368 apud
232 1293 345 1349 'flumen
360 1293 464 1349 Nilum
479 1294 652 1350 interficitur
668 1312 684 1349 a
700 1293 824 1350 Seleuco
838 1304 866 1350 et
888 1294 1051 1369 Antigono;

146 1388 303 1445 rerumque
326 1390 440 1427 summa
463 1371 499 1427 ad
526 1373 712 1447 Antipatrum
733 1370 871 1429 defertur.
914 1371 981 1438 Hie,
1003 1372 1054 1446 qui
1134 1387 1140 1393 ·

145 1447 343 1516 deseruerant,
358 1450 490 1505 exercitu
512 1450 683 1526 suffragium
705 1447 822 1517 ferente,
838 1451 940 1525 capitis
955 1450 1053 1505 absen-

145 1536 188 1585 tes
202 1527 394 1583 damnantur:
416 1529 446 1582 in
467 1504 516 1584 lris
541 1527 699 1583 Eumenes.
743 1528 808 1585 Hac
830 1528 879 1583 ille
901 1528 1053 1602 perculsus

146 1604 232 1682 plaga
246 1624 303 1662 non
326 1606 489 1674 succubuit,
506 1625 600 1682 neque
618 1626 652 1662 eo
666 1607 762 1663 secius
787 1607 894 1662 bellum
920 1606 1052 1661 adminis-

145 1685 242 1740 travit.
287 1683 344 1740 Sed
370 1685 460 1740 exiles
486 1686 635 1740 resanimi
661 1685 897 1758 magnitudinem,
919 1686 971 1739 etsi
998 1703 1052 1739 non

146 1757 327 1838 frangebant,
343 1772 439 1818 tamen
462 1763 639 1819 minuebant.
683 1762 772 1818 Hunc
795 1781 970 1836 persequens
992 1764 1052 1817 An·
1074 1766 1092 1817 2

144 1840 269 1917 tigonus,
285 1844 377 1915 quum
396 1842 473 1896 omni
495 1859 602 1916 genere
624 1841 773 1915 copiarum
796 1841 962 1906 abundaret,
978 1859 1053 1913 saepe

145 1919 174 1974 in
202 1919 354 1975 itineribus
379 1919 557 1975 vexabatur:
587 1937 680 1993 neque
711 1937 848 1992 umquam
874 1917 909 1972 ad
936 1936 1053 1971 manum

146 1997 285 2053 accedere
300 1996 416 2064 licebat,
432 1997 487 2052 nisi
508 1998 553 2052 his
567 1997 646 2064 lociS,
662 1997 767 2069 quibus
782 1997 867 2071 pauci
882 1996 980 2051 multis
992 2015 1052 2069 pos-

145 2084 208 2131 sent
228 2077 372 2131 resistere.
429 2074 486 2130 Sed
509 2086 638 2131 extremo
661 2086 795 2149 tempore,
820 2093 918 2148 quum,
935 2075 1053 2129 consilio
1075 2079 1092 2130 3

145 2154 211 2229 capi
236 2171 293 2209 non
316 2160 418 2227 posset,
436 2153 619 2209 multitudine
641 2154 857 2210 circumventus
878 2163 930 2209 est.
975 2153 1053 2209 Hinc

145 2240 251 2300 tamen,
268 2231 366 2287 multis
380 2232 441 2286 suis
456 2233 578 2300 amissiS,
593 2252 624 2288 se
644 2232 796 2306 expedivit,
815 2233 886 2288 etin
901 2232 1052 2288 castellum

146 2309 291 2385 Phrygiae,
307 2309 383 2383 quod
398 2309 480 2366 Nora
495 2309 665 2385 appellatur,
682 2309 820 2385 confugit.
844 2310 876 2366 In
891 2330 948 2385 quo
962 2329 1051 2385 quum
1073 2312 1092 2365 4

144 2384 419 2456 circumsederetur,
449 2399 477 2444 et
505 2402 664 2457 vereretur,
690 2407 726 2444 ne
755 2408 812 2444 uno
843 2389 905 2445 loco
933 2407 1053 2444 manens

145 2485 235 2540 equos
250 2467 390 2521 militares
406 2466 548 2542 perderet,
560 2467 634 2540 quod
650 2468 772 2541 spatium
789 2485 844 2541 non
859 2478 933 2522 esset
944 2468 1052 2541 agitan-

146 2543 193 2599 di:
216 2544 356 2600 callidum
372 2543 426 2600 fuit
449 2544 512 2617 ejus
537 2545 696 2610 inventum,
711 2543 951 2617 quemadmodum
974 2554 1052 2599 stans

144 2621 308 2699 jumentum
324 2623 507 2678 concalefieri
529 2622 716 2696 exercerique
732 2632 832 2694 posset,
848 2640 904 2694 quo
918 2620 1053 2675 libentius

146 2709 174 2756 et
198 2700 264 2756 cibo
279 2711 417 2768 uteretur,
433 2711 462 2757 et
487 2718 504 2755 a
525 2704 653 2774 corporis
668 2711 745 2754 motu
769 2716 824 2753 non
846 2708 1051 2753 removeretur.

147 2777 367 2853 Substringebat
383 2787 469 2852 caput
485 2779 544 2834 loro
566 2778 652 2833 altius
667 2795 754 2850 quam
774 2786 804 2831 ut
819 2776 961 2850 prioribus
976 2775 1051 2849 pedi·
1074 2777 1092 2829 5

146 2857 199 2912 bus
215 2855 301 2930 plane
316 2865 423 2916 terram
440 2867 532 2931 posset
546 2857 704 2930 attingere3
728 2853 829 2910 deinde
851 2865 912 2928 post
927 2854 1051 2908 verberi-

146 2934 199 2990 bus
214 2934 336 3009 cogebat
350 2935 504 3007 exsultare,
520 2943 548 2991 et
569 2934 666 2989 calces
688 2934 841 3007 remittere.
885 2932 945 2997 Qut
961 2943 1052 2988 motus

145 3029 200 3068 non
216 3013 312 3067 miuus
327 3012 460 3068 sudorem
475 3012 647 3079 excutiebat,
662 3030 749 3085 quam
764 3012 788 3067 si
803 3012 832 3065 in
847 3013 937 3086 spatio
951 3011 1051 3068 decur-

146 3101 231 3147 reret.
254 3089 322 3154 Quo
336 3098 444 3147 tactum
456 3100 507 3156 est,
517 3090 591 3164 quod
606 3090 737 3162 omnibus
750 3090 880 3146 mirabile
892 3101 934 3146 est
946 3091 1050 3157 visum,
1073 3092 1091 3144 6

146 3178 176 3224 ut
201 3185 285 3242 aeque
311 3168 443 3241 jumenta
468 3167 557 3223 nitida
579 3185 615 3223 ex
641 3167 759 3223 castello
788 3168 932 3235 educeret,
962 3186 1052 3242 quum

146 3247 311 3321 complures
326 3265 439 3302 menses
453 3246 482 3300 in
503 3245 647 3301 obsidione
664 3244 772 3312 fuisset,
788 3247 862 3300 acsi
880 3247 908 3300 in
924 3265 1051 3320 campes-

145 3326 236 3380 tribus
252 3344 287 3380 ea
302 3325 374 3380 locis
396 3324 553 3379 habuisset.
597 3322 628 3378 ln
651 3323 705 3378 hac
721 3322 914 3390 conclusione,
928 3326 1050 3397 quoties·
1073 3325 1091 3377 7

146 3421 273 3476 cumque
289 3402 389 3470 voluit,
406 3411 575 3475 apparatum
589 3411 617 3456 et
639 3401 810 3456 munitiones
826 3401 964 3475 Antigoni
980 3402 1053 3456 alias

146 3480 283 3548 incendit,
309 3481 381 3535 alias
404 3479 526 3553 disjecit.
583 3478 692 3534 Tenuit
716 3487 812 3533 autem
837 3497 867 3532 se
897 3496 953 3533 uno
981 3478 1052 3545 loco,
1141 3491 1142 3495 ’

146 3559 284 3632 quamdiu
312 3556 366 3613 fuit
389 3558 490 3613 hiems.
534 3555 618 3619 Quod
644 3568 772 3612 castrum
795 3554 923 3610 subsidia
946 3553 1052 3609 habere

147 3654 202 3693 uon
226 3643 348 3714 poterat,
363 3645 392 3692 et
406 3652 458 3692 ver
473 3634 729 3709 appropinquabat,
743 3629 881 3688 simulata
902 3628 1053 3701 deditione,
