2474 4080
205 359 209 369 Ι
299 271 301 275 ’
377 274 500 340 XXIII.
547 283 595 341 13.
639 276 843 360 (Hannibal.)
1015 283 1058 341 95

141 428 262 505 ,scripta
276 428 335 503 qui,
351 428 516 485 Hannibale
531 431 605 498 vive,
629 448 786 505 numquam
811 449 842 487 se
866 431 928 487 sine
948 430 1059 487 insidiis

152 507 264 566 futuros
278 508 486 575 existimarent,
502 508 610 583 legatos
631 510 660 564 in
682 509 849 581 Bithyniam
865 510 1012 576 miseruut,
1028 510 1058 564 in

152 587 197 643 his
211 586 419 653 Flamininum,
429 587 480 660 qui
495 587 530 641 ab
545 605 613 661 rege
629 598 767 661 peterent,
779 606 814 642 ne
826 588 1057 643 inimicissimum

152 684 237 722 suum
250 682 351 720 secum
366 665 493 732 haberet,
510 665 620 738 sibique
636 663 762 720 dederet.
806 665 860 720 His
877 665 993 721 Prusias
1008 685 1055 721 ne·
1078 668 1095 720 3

151 762 222 820 gare
237 761 328 798 ausus
352 761 408 797 non
433 756 495 811 est3
520 742 591 797 illud
619 744 773 809 recusavit,
799 762 835 797 ne
856 743 917 798 ida
938 763 968 799 se
993 745 1056 800 lieri

117 859 132 870 -
152 822 340 898 postularent,
367 821 440 894 quod
468 820 607 876 adversus
625 822 674 894 jus
699 822 810 895 hospitii
830 832 923 891 essct3
947 824 1009 896 ipsi,
1032 823 1056 878 si
1115 866 1121 877 .

152 909 275 975 possent,
298 898 590 974 comprehenderent:
613 899 719 965 locum,
737 901 784 954 ubi
807 910 891 966 essct,
908 900 992 956 Iaeile
1015 902 1055 956 in·

152 989 299 1034 venturos.
322 975 467 1032 Hannibal
483 977 559 1032 enim
571 977 739 1032 unoloeose
754 979 869 1033 tenebat
883 979 910 1032 in
927 978 1054 1044 castello,

151 1055 226 1131 quod
242 1055 269 1112 ei
291 1056 326 1111 ab
341 1073 409 1130 rege
424 1054 521 1110 datum
537 1066 599 1110 erat
616 1056 745 1110 muneri:
768 1055 854 1129 idque
875 1055 917 1111 sic
933 1057 1055 1112 aeditica·

151 1143 204 1202 rat,
226 1145 256 1190 ut
272 1133 301 1188 in
317 1133 592 1209 omnibuspartibus
607 1133 720 1206 aedificii
735 1135 843 1189 exitum
859 1134 913 1189 sibi
928 1134 1053 1203 haberet,

151 1225 266 1286 semper
288 1230 400 1279 verenS,
427 1229 463 1267 ue
489 1230 543 1266 usu
569 1212 688 1280 veniret,
714 1212 790 1286 quod
818 1212 932 1269 accidit.
986 1213 1094 1269 Huc4

150 1308 240 1365 quum
255 1291 344 1382 legati
366 1289 562 1345 Romanorum
578 1291 731 1358 venissent,
748 1309 782 1346 ac
804 1291 986 1346 multitudine
1008 1291 1053 1346 do

151 1385 230 1424 mum
252 1371 315 1445 ejus
330 1366 596 1436 circumdedissent,
612 1386 684 1442 puer
709 1332 774 1424 ab'
763 1386 855 1443 Janua
879 1370 1055 1445 prospiciens

150 1445 406 1515 Hannibalidixit,
422 1446 521 1520 plures
545 1456 648 1536 praeter
666 1446 905 1503 consuetudinem
931 1457 1055 1503 armatos

151 1542 300 1600 apparere.
343 1525 564 1598 Quiimperavit
578 1525 613 1592 ei,
630 1534 660 1580 ut
669 1542 768 1581 omnes
783 1523 857 1581 fores
871 1525 984 1581 aediiicii
999 1527 1054 1581 cir-

150 1604 282 1672 cumiret,
298 1623 333 1661 ac
349 1621 467 1677 propere
487 1603 541 1658 sibi
557 1604 742 1671 renuntiaret,
763 1622 831 1658 num
850 1603 949 1659 eodem
972 1604 1053 1659 modo

151 1680 278 1755 undique
292 1682 480 1738 obsideretur.
523 1681 600 1737 Puer
614 1700 705 1755 quum
724 1682 865 1749 celeriter,
881 1683 947 1755 quid
968 1693 1052 1750 esset,
1074 1687 1093 1738 5
1167 1753 1170 1759 .

150 1761 351 1828 renuntiasset,
376 1778 534 1832 omnesque
562 1761 656 1816 exitus
680 1770 835 1834 occupatos
862 1760 1051 1830 ostendisset3

149 1839 247 1906 sensit,
263 1838 291 1894 id
316 1857 371 1895 non
396 1836 510 1894 fortuito
532 1836 650 1906 facturn,
673 1837 720 1893 sed
746 1857 777 1894 se
801 1838 866 1912 peti,
883 1856 976 1912 neque
999 1839 1053 1893 sibi
1150 1883 1153 1888 ,

149 1913 257 1972 diutius
271 1918 359 1972 vitam
374 1935 438 1972 esse
454 1916 641 1972 retinendam.
685 1916 783 1980 Quam
808 1933 844 1970 ne
870 1916 964 1971 alieno
979 1917 1052 1971 arbi-

148 1993 202 2049 trio
225 1994 389 2062 dimitteret,
406 2012 516 2050 memor
535 1996 720 2069 pristinarum
737 1995 885 2061 virtutum,
908 2012 1053 2050 venenum

148 2064 223 2147 quod
239 2092 354 2148 semper
368 2092 467 2129 secum
485 2074 591 2129 habere
606 2083 805 2140 consueverat,
822 2074 952 2146 sumpsit

188 2150 269 2208 XIII.
293 2150 342 2208 Sic
358 2153 402 2206 vir
417 2150 596 2214 fortissimus,
612 2151 710 2208 multis
726 2153 869 2224 variisque
885 2149 1089 2225 perfunctusl

147 2225 305 2296 laboribus,
323 2248 397 2285 anno
421 2230 566 2303 acquievit
590 2231 810 2321 septuagesimo.
853 2230 968 2294 Quibus
985 2248 1051 2285 con-

148 2306 282 2363 sulibus'
274 2309 424 2384 interierit,
440 2325 496 2363 non
512 2310 653 2364 convenit
684 2308 819 2382 Namque
835 2309 959 2374 Atticus,
977 2308 1051 2364 Mar-

147 2401 182 2440 co
177 2379 315 2442 Claudio
331 2386 531 2453 Marcellae.
545 2387 635 2442 Fabio
650 2387 785 2443 Labeone
800 2387 880 2442 Coss
898 2398 1050 2455 mortuum,

147 2461 175 2516 in
192 2465 289 2530 annali
304 2483 356 2520 suo
370 2466 516 2539 scripturn
523 2466 655 2538 reliquit;
680 2475 707 2520 at
723 2465 915 2537 Polybius,L.
932 2466 1051 2521 AEmilio

148 2526 252 2597 Paullo
273 2552 302 2597 et
325 2542 379 2597 Cn.
396 2543 494 2598 Baebio
520 2543 692 2617 Tamphi103
715 2543 863 2616 Sulpicius
889 2554 994 2610 autem,
1017 2543 1048 2599 P.

146 2617 281 2676 Cornelio
304 2619 440 2696 Cetheg0,
468 2620 508 2675 Μ.
535 2621 633 2677 Baebio
658 2621 821 2693 Tamphilo.
878 2621 975 2693 Atque
1004 2620 1090 2677 hicn

146 2707 245 2754 tantus
260 2699 303 2753 vir
322 2699 466 2772 tantisque
490 2700 572 2755 bellis
593 2699 740 2754 districtus
764 2696 892 2752 nonnihil
916 2699 1052 2771 temporis

146 2777 247 2832 tribuit
262 2775 373 2833 litteris.
416 2777 551 2852 Namque
567 2778 676 2851 aliquot
690 2776 754 2850 ejus
775 2776 840 2831 libri
855 2787 930 2843 sunt,
947 2774 1050 2830 Graeco

145 2870 279 2910 sermone
301 2854 443 2925 confecti3
477 2857 507 2910 in
533 2856 576 2911 his
597 2855 632 2911 ad
658 2854 783 2910 Rhodios
807 2853 841 2910 de
866 2853 920 2910 Cn.
948 2852 1050 2908 Manlii

146 2931 286 2989 Vulsonis
301 2934 329 2989 in
346 2935 419 2989 Asia
436 2934 522 2989 rebus
536 2935 633 3009 gestis.
671 2932 769 3008 Hujus
785 2932 860 2988 bella
874 2941 954 3008 gesta
968 2932 1051 2988 multi
1072 2936 1090 2989 3

146 3013 293 3066 memoriae
318 3011 520 3085 prodiderunt:
543 3012 592 3068 sed
618 3030 653 3067 ex
678 3012 723 3067 his
737 3012 802 3078 duo,
817 3012 867 3085 qui
889 3030 956 3067 curn
972 3012 1050 3067 eoin

145 3090 250 3146 castris
279 3088 398 3147 fuerunt
430 3090 574 3164 simulque
601 3091 742 3156 vixerunt,
771 3090 908 3164 quamdiu
938 3088 1051 3145 fortuna

145 3186 230 3242 passa
256 3177 307 3235 est,
332 3168 458 3235 Silenus,
474 3178 502 3224 et
525 3168 636 3224 Sosilus
661 3167 908 3224 Lacedaemonius.
952 3169 1050 3242 Atque

144 3247 199 3301 hoc
214 3245 307 3301 Sosilo
322 3245 469 3302 Hannibal
482 3247 643 3302 litterarum
659 3245 829 3302 Graecarum
846 3265 915 3302 usus
929 3259 972 3302 est
986 3246 1050 3302 doc·

144 3333 215 3379 tore.
260 3324 317 3380 Sed
340 3344 391 3381 nos
416 3324 530 3399 tempus
544 3335 586 3380 est
612 3325 698 3398 hujus
713 3324 778 3380 libri
801 3323 896 3380 facere
912 3324 1008 3392 finem,
1023 3333 1050 3381 et
1071 3328 1090 3383 4

145 3399 343 3458 Romanorum
354 3403 500 3477 explicare
512 3403 714 3476 imperatores:
736 3421 793 3476 quo
809 3402 924 3460 facilius
939 3403 1052 3458 collatis

145 3491 335 3555 utrorumque
351 3480 444 3550 factis,
465 3481 516 3553 qui
530 3481 585 3538 viri
606 3478 777 3556 praeferendi
791 3481 856 3550 sint,
873 3481 958 3556 possit
976 3477 1051 3553 judi·

144 3574 215 3615 carr.
