2474 4080
214 281 256 342 54
452 273 541 339 XIV.
570 283 600 351 2,
617 280 646 338 3.
690 272 875 355 (Datames.)

174 428 188 483 1
250 423 292 481 Il.
333 423 401 479 Pari
422 441 455 478 se
469 422 571 480 virtute
592 431 694 495 postea
714 420 840 496 praebuit,
854 439 941 494 quum
955 419 1118 496 Autophra-

212 502 293 558 dates
304 503 389 576 jussu
396 502 475 575 regis
485 501 562 558 bello
576 510 796 574 persequeretur
804 518 866 568 eos,
876 499 924 573 qui
936 499 1117 559 defecerant.

213 581 345 653 Namque
360 578 445 654 hujus
455 598 543 653 opera
552 579 661 646 hostes
670 597 756 651 quum
770 589 864 633 castra
874 578 934 652 jam
949 577 1117 648 intrassent,

212 657 354 732 profligati
366 667 439 726 sunt,
451 657 651 728 exercitusque
666 657 791 735 reliquus
804 663 991 712 conseri-atus
1008 656 1114 733 [regis]

173 741 191 793 2
214 748 277 805 est;
298 755 353 809 qua
368 754 405 791 ex
418 754 450 791 re
461 736 615 810 majoribus
629 734 714 790 rebus
728 752 855 808 praeesse
870 734 965 808 coepit.
1001 735 1069 790 Erat
1079 753 1117 791 eo

212 825 340 888 tempore
364 814 467 887 Thyus
482 814 619 888 dynastes
643 811 856 886 Paphlagonia,
872 813 985 885 antiquo
1007 831 1115 886 genere

212 903 295 949 natus
318 911 335 947 a
357 892 520 967 Pylaemene
546 892 605 958 illo,
620 909 704 963 quern
725 890 869 946 Homerus
885 890 992 946 Troico
1007 891 1083 946 bello
1098 909 1117 946 a

215 970 348 1028 Patroclo
363 969 543 1025 intersectum
557 969 604 1024 ait.
635 968 665 1024 Is
679 968 741 1043 regi
749 967 829 1024 dicto
844 968 963 1024 audiens
977 986 1035 1024 non
1045 979 1116 1024 erat.

177 1053 194 1106 3
217 1051 311 1114 Quam
325 1050 360 1104 ob
372 1066 488 1103 causam
502 1048 578 1103 bello
590 1066 655 1102 eum
665 1046 799 1120 persequi
809 1046 964 1114 constituit,
979 1046 1063 1121 eique
1072 1046 1117 1102 rei

213 1126 343 1201 praesecit
367 1126 527 1193 Datamem,
548 1125 736 1198 propinquum
756 1124 972 1199 Paphlagonis3
992 1143 1116 1198 namque

156 1210 160 1218 '
216 1223 253 1261 ex
267 1204 351 1260 fratre
367 1213 395 1259 et
417 1220 513 1258 sorore
529 1214 609 1258 erant
633 1203 701 1258 nati.
744 1204 838 1267 Quam
858 1204 1032 1259 obcausam
1057 1202 1117 1259 Da-

215 1293 306 1338 tames
320 1282 441 1355 primum
457 1280 580 1355 experiri
595 1281 692 1349 voluit,
706 1292 736 1336 ut
750 1281 813 1337 sine
829 1281 914 1337 armis
929 1280 1117 1355 propinquum

216 1360 252 1415 ad
276 1359 401 1415 officium
424 1359 585 1422 reduceret.
626 1359 672 1415 Ad
696 1378 780 1432 quern
803 1377 888 1432 quum
900 1359 1031 1414 venisset
1051 1359 1116 1415 sine

215 1438 358 1512 praesidio‚
373 1437 447 1511 quod
462 1438 496 1492 ab
516 1437 609 1493 amico
622 1438 716 1493 nullas
730 1448 876 1493 vereretur
890 1437 1021 1506 insidias,
1034 1455 1116 1511 paenc

217 1516 333 1572 interiit.
364 1516 440 1571 Nam
454 1514 556 1591 Thyus
571 1534 636 1571 eum
651 1517 725 1570 clam
739 1516 901 1571 interficere
916 1515 1014 1571 voluit.
1044 1515 1118 1572 Erat

178 1598 307 1650 4mater
335 1612 400 1649 cum
428 1594 559 1661 Datame,
587 1599 672 1648 amita
701 1593 906 1667 Paphlagbnis.
968 1592 1022 1662 Ea,
1049 1594 1117 1666 quid

178 1677 196 1728 5
218 1684 358 1746 ageretur,
373 1672 481 1740 re'sciit,
496 1672 640 1744 filiumque
655 1672 772 1727 monuit.
813 1672 868 1728 Ille
880 1671 947 1745 suga
957 1672 1118 1744 periculum

218 1750 343 1819 evitavit,
367 1750 529 1822 bellumque
557 1750 661 1806 indixit
688 1750 783 1823 Thyo.
825 1750 859 1805 In
887 1767 942 1822 quo
969 1768 1055 1823 quum
1077 1751 1118 1807 ab

218 1829 564 1903 Ariobarzane‚praefecto
574 1828 676 1901 Lydiae
685 1838 713 1883 et
722 1827 812 1883 loniae
820 1827 962 1900 totiusque
972 1826 1118 1903 Phrygia,

218 1907 348 1964 desertus
374 1918 462 1976 esset,
486 1906 576 1963 nihilo
600 1905 718 1980 segnius
742 1906 946 1980 perseveravit,
966 1905 1117 1981 vivumque

218 1985 335 2059 Thyum
349 1986 427 2059 cepit
441 2005 505 2041 cum
519 2003 607 2040 uxore
623 1995 651 2040 et
665 1985 774 2040 liberis.

181 2068 194 2121 1
258 2065 314 2120 ΙΙΙ.
356 2065 445 2138 Cujus
460 2063 528 2118 facti
542 2082 579 2118 ne
595 2063 672 2137 prius
688 2062 762 2118 sama
775 2062 810 2118 ad
823 2080 931 2136 regem,
946 2081 1030 2136 quarn
1043 2063 1118 2139 ipss,

217 2141 389 2216 perveniret,
411 2142 489 2196 dedit
509 2160 634 2214 operam.
676 2142 774 2213 ltaque
795 2142 925 2196 omnibus
945 2141 1058 2211 insciis,
1073 2162 1118 2212 eo,

218 2219 267 2276 ubi
292 2231 353 2274 erat
376 2237 435 2287 rex,
450 2218 537 2286 venit,
559 2230 729 2292 posteroque
751 2219 798 2275 die
823 2219 948 2294 Thyum,
973 2220 1118 2277 hominem

218 2296 335 2352 maximi
360 2297 487 2369 corporis
511 2297 686 2368 terribilique
711 2297 796 2366 facie,
821 2298 896 2371 quod
920 2308 948 2354 et
972 2298 1064 2372 niger,
1089 2309 1119 2356 et

220 2375 324 2449 capillo
338 2376 423 2448 longo
437 2376 578 2447 barbaque
591 2385 651 2430 erat
664 2377 814 2449 promissa,
829 2375 935 2449 optima
945 2388 1026 2432 veste
1037 2378 1117 2448 texit,

219 2472 303 2526 quam
325 2464 444 2527 satrapae
466 2453 538 2528 regii
565 2472 665 2527 gerere
689 2465 917 2523 consueverant3
951 2455 1117 2529 ornaritque

220 2531 306 2587 etiam
319 2543 426 2605 torque,
442 2542 470 2588 et
491 2532 609 2588 armillis
625 2532 730 2601 aureis,
746 2542 898 2604 ceteroque
919 2533 1000 2606 regio
1022 2534 1116 2603 cultu,

179 2615 198 2667 2
219 2610 283 2684 ipse
293 2611 399 2686 agresti
408 2611 515 2686 duplici
525 2610 853 2667 arniculocircumdatus
868 2611 997 2684 hirtaque
1011 2612 1117 2682 tunica,

219 2708 323 2764 gerens
333 2690 364 2746 in
376 2691 469 2765 capite
479 2692 591 2765 galeam
600 2689 783 2756 venatoriam,
793 2688 892 2745 dextra
905 2708 989 2746 manu
998 2690 1117 2760 clavam,

219 2768 335 2825 sinistra
349 2771 490 2842 copulam,
504 2789 559 2842 qua
569 2769 696 2825 vinctum
707 2778 772 2823 ante
784 2787 816 2824 se
831 2766 948 2842 Thyum
962 2770 1074 2842 agebat,
1088 2779 1118 2824 ut

181 2850 198 2903 3
220 2847 245 2903 si
260 2847 350 2902 feram
369 2848 491 2903 bestiam
508 2859 619 2920 captam
641 2847 768 2902 duceret.
809 2846 905 2910 Quem
917 2864 1003 2919 quum
1017 2865 1117 2903 omnes

219 2925 417 2999 prospicerent
436 2935 551 2998 propter
563 2924 718 2979 novitatem
733 2923 847 2980 ornatds
868 2922 1049 2998 ignotamque
1064 2925 1118 2980 sor·

219 3020 304 3069 mam,
315 3003 350 3057 ob
366 3021 483 3074 eamque
498 3020 558 3057 rem
571 3020 691 3075 magnus
706 3013 785 3058 esset
799 3020 973 3058 concursus:
996 3002 1049 3058 suit
1061 3022 1119 3059 non

219 3097 313 3148 nem0,
327 3079 375 3152 qui
390 3090 560 3153 agnosceret
574 3079 699 3152 Thyum,
708 3081 826 3154 regique
840 3081 991 3136 nuntiaret.
1021 3081 1119 3138 Primo

180 3162 198 3216 4
219 3175 277 3213 non
293 3157 459 3213 accredidit.
501 3158 599 3230 Itaque
615 3157 830 3214 Pharnabazum
840 3159 917 3214 misit
932 3159 1117 3232 exploratum.

221 3238 315 3308 Aquo
329 3245 360 3291 ut
383 3253 443 3292 rem
465 3247 576 3310 gestam
601 3236 747 3310 comperit,
772 3238 866 3293 statim
892 3237 1001 3292 admitti
1022 3238 1119 3312 jussit,

219 3332 392 3388 magnopere
415 3314 574 3370 delectatus
599 3333 684 3387 quum
707 3314 792 3383 sacto,
814 3324 873 3370 tum
894 3325 1002 3384 ornatu,
1024 3316 1119 3389 impri-

219 3392 284 3460 mis,
298 3392 373 3465 quod
395 3393 499 3448 nobilis
515 3412 566 3448 rex
590 3394 619 3449 in
634 3403 803 3466 potestatem
818 3393 976 3465 inopinanti
991 3404 1118 3450 venerat

181 3476 199 3527 6
220 3471 319 3544 Itaque
334 3471 485 3544 magnifice
501 3471 652 3526 Datamem
666 3471 799 3526 donatum
814 3472 849 3526 ad
861 3472 1019 3526 exercitum
1031 3471 1119 3541 misit,

219 3549 267 3624 qui
281 3560 340 3606 tum
350 3549 568 3605 contrahebatur
582 3549 654 3605 duce
667 3549 852 3605 Pharnabazo
865 3559 893 3604 et
907 3548 1073 3607 Tithrauste
1083 3549 1121 3606 ad

220 3628 326 3685 bellum
334 3627 639 3703 AEgyptium,pariqne
655 3645 729 3695 eum,
738 3637 821 3700 atque
835 3627 911 3696 illos,
921 3626 1042 3701 imperio
1051 3645 1119 3685 essa
