2474 4080
323 210 487 315 'xxnt
531 258 560 327 a,
577 229 625 316 οἱ
651 249 859 335 (aaaron.)
1021 261 1061 319 n

156 400 237 461 Hinc
251 403 281 460 in
296 403 437 479 Apuliam
452 406 592 479 pervenit.
628 403 670 462 lbi
684 406 798 461 obviam
812 406 839 462 ei
854 417 995 463 venerunt
1009 407 1065 464 duo
1085 412 1104 467 4

155 480 307 551 Consules
322 482 356 541 C.
373 482 572 551 Terentiuset
593 481 629 539 L.
647 483 794 540 AEmilius.
837 483 995 560 Utriusque
1015 505 1062 541 ex-

155 562 266 617 ercitus
281 562 455 636 unoproelio
471 560 602 636 fugavit3
626 561 762 617 Paullum
778 563 926 619 consulem
947 564 1063 632 occidit,

155 636 185 694 et
208 631 318 713 aliquot
342 651 483 714 praeterea
503 640 680 706 consulares
703 641 733 695 in
758 641 803 696 his
826 640 880 711 Cn,
903 641 1062 697 Servilium

155 715 324 786 Geminum,
339 718 390 792 qui
404 736 478 773 anno
492 719 641 792 superiore
656 718 749 774 suerat
764 719 875 774 consul.

195 795 234 850 V.
258 795 325 852 Hac
350 814 448 872 pugna
472 810 600 871 pugnata
623 795 743 854 Romam
758 797 903 870 profectus
917 808 968 865 est,
980 797 1061 854 nullo
1083 804 1097 856 1

153 875 316 930 resistente.
358 874 390 931 ln
416 876 582 951 propinquis
603 875 683 930 urbis
709 876 851 931 montibus
865 886 992 932 moratus
1005 889 1059 932 est.

153 951 257 1015 Quum
272 953 378 1028 aliquot
398 954 436 1009 ibi
458 953 520 1010 dies
534 962 630 1009 castra
645 953 800 1022 habuisset,
816 965 844 1010 et
869 965 1062 1010 reverteretur

152 1029 305 1105 Capuam3
331 1032 370 1096 Q.
384 1031 496 1088 Fabius
521 1029 676 1098 Maximus,
703 1030 824 1088 dictator
849 1031 1007 1098 Romanus,
1031 1033 1060 1088 in

152 1126 224 1184 agro
239 1108 365 1167 Falerno
378 1130 410 1167 se
425 1111 452 1167 ei
475 1110 590 1185 objecit.
632 1107 691 1165 Hic
712 1109 831 1167 clausus
855 1111 985 1166 locorum
1011 1116 1100 1168 arr-2
1138 1172 1143 1179 ,

152 1188 256 1261 gustiis
270 1200 357 1245 noctu
378 1190 441 1245 sine
457 1188 517 1244 ullo
538 1188 708 1244 detrimento
722 1190 867 1246 exercitus
888 1209 919 1245 se
944 1189 1058 1264 expedi-

152 1266 215 1336 vit3
238 1265 337 1335 Fabiu,
354 1267 542 1324 callidissimo
554 1268 729 1341 imperatori,
745 1268 833 1323 verba
847 1266 932 1324 dedit.
968 1267 1058 1324 Nam-

153 1361 210 1416 que
235 1344 359 1401 obducta
384 1355 467 1402 nocte
492 1356 638 1401 sarmenta
657 1345 687 1401 in
709 1347 844 1402 cornibus
865 1347 1058 1421 juvencorum

151 1419 278 1498 deligata
291 1423 428 1492 incendit,
440 1424 561 1498 ejusque
575 1424 691 1499 generis
702 1423 912 1480 multitudinem
923 1444 1059 1501 magnam

151 1497 323 1574 dispalatam
338 1503 466 1558 immisit.
503 1503 569 1567 Quo
585 1503 730 1577 repentino
744 1503 857 1578 objectu
873 1504 934 1559 viso
948 1513 1059 1559 tantum

151 1586 291 1635 terrorem
313 1580 412 1654 injecit
431 1581 572 1637 exercitui
589 1580 793 1650 Romanorum,
810 1592 841 1638 ut
861 1581 960 1657 egredi
975 1592 1057 1638 extra

150 1657 263 1713 vallum
278 1676 362 1714 nemo
377 1659 413 1714 sit
428 1678 525 1716 ansus.
568 1657 655 1714 Hanc
670 1668 731 1733 post
745 1677 806 1715 rem
820 1672 932 1736 gestam
947 1678 1002 1716 non
1018 1661 1057 1716 ita
1079 1664 1096 1717 3

150 1735 250 1792 multis
275 1736 377 1793 diebus
403 1735 443 1793 Μ.
468 1737 632 1793 Minucium
656 1735 777 1806 Rufum,
793 1740 963 1813 magistrum
978 1739 1056 1812 equi·

150 1823 222 1882 tum,
247 1817 309 1890 pari
338 1834 373 1872 ac
402 1816 569 1873 dictatorem
592 1816 721 1890 imperia,
743 1815 807 1871 dolo
832 1816 1002 1890 productum
1028 1817 1057 1871 in

149 1892 294 1967 proelium,
311 1892 432 1969 fugavit.
475 1894 524 1951 Ti.
540 1894 742 1969 Sempronium
758 1893 936 1961 Gracchum,
952 1894 1057 1949 iterum

149 1971 309 2041 consulem,
325 1973 354 2027 in
369 1972 500 2030 Lucanis
520 1973 624 2029 absens
645 1972 674 2027 in
696 1971 815 2028 insidias
830 1971 980 2027 inductum
995 1990 1056 2028 sus-

148 2049 225 2106 tulit.
269 2049 311 2105 M.
327 2050 482 2108 Claudium
508 2051 693 2119 Marcellum,
719 2052 872 2125 quinquies
898 2050 1055 2118 consulem,

127 2128 225 2204 ·apud
251 2128 413 2185 Venusiam
439 2130 500 2204 pari
526 2130 609 2186 modo
631 2128 784 2186 interfecit.
842 2128 976 2205 Longum
1002 2138 1054 2197 est,
1077 2134 1095 2186 4

147 2224 323 2263 enumerare
338 2209 450 2282 proelia.
494 2209 594 2273 Quare
609 2208 662 2264 hoc
678 2227 768 2265 unum
783 2208 851 2264 satis
865 2210 919 2264 erit
936 2208 1054 2276 dictum,

147 2303 183 2341 ex
198 2304 256 2359 quo
271 2285 393 2362 intelligi
416 2287 510 2362 possit,
526 2298 653 2361 quantus
674 2287 723 2344 ille
745 2287 850 2344 fuerit:
872 2287 1010 2362 quamdiu
1025 2287 1055 2342 in

147 2362 232 2420 ltalia
246 2362 310 2432 suit,
326 2383 410 2420 nemo
425 2367 452 2421 ei
474 2367 504 2420 in
520 2366 585 2423 acie
600 2367 710 2434 restitit,
726 2385 810 2422 nemo
835 2366 973 2422 adversus
987 2384 1054 2423 eum

147 2453 208 2517 post
223 2441 404 2499 Cannensem
419 2462 546 2520 pugnam
562 2445 590 2499 in
605 2463 707 2518 campo
721 2456 816 2500 castra
832 2445 933 2517 posuit.

188 2518 241 2576 VI.
266 2521 324 2577 Hic
337 2522 463 2578 invictus
478 2523 598 2597 patriam
614 2521 763 2578 defensum
779 2533 930 2578 revocatus
945 2521 1053 2578 bellurn
1076 2526 1090 2578 1

146 2600 237 2675 gessit
260 2600 399 2655 adversus
422 2600 453 2655 P.
473 2601 645 2676 Scipionem,
670 2600 762 2654 filium
785 2600 858 2673 ejuS,
884 2617 970 2672 quem
993 2600 1053 2673 ipse

146 2677 273 2752 primum
298 2676 374 2752 apud
397 2678 580 2748 Rhodanum,
596 2679 701 2735 iterum
727 2677 803 2752 apud
828 2676 948 2742 Padum,
971 2677 1053 2732 tertio

147 2755 224 2831 apud
248 2755 387 2812 Trebiam
411 2755 573 2833 fugaverat.
629 2755 704 2812 Cum
728 2756 790 2822 hoc,
819 2753 967 2811 exhaustis
988 2753 1051 2827 jam
1074 2758 1093 2810 2

146 2835 247 2908 patriae
276 2832 470 2904 facultatibus,
500 2836 610 2911 cupivit
637 2835 666 2889 in
696 2833 914 2910 praesentiarum
944 2831 1052 2888 bellum

145 2930 327 2987 componere,
350 2932 407 2988 quo
435 2914 576 2970 valentior
603 2924 700 2989 postea
728 2911 962 2988 congrederetur.
1019 2910 1051 2967 ln

146 2991 324 3064 colloquium
338 2994 480 3059 convenit,
496 2992 671 3048 conditiones
686 3010 741 3048 non
757 3000 962 3048 convenerunt.
985 2990 1051 3047 Post
1073 2994 1091 3046 3

145 3069 172 3124 id
189 3068 299 3126 factum
324 3072 426 3144 paucis
440 3070 541 3126 diebus
555 3070 631 3145 apud
654 3069 773 3125 Zamam
789 3088 856 3126 cum
872 3069 970 3125 eodem
985 3089 1050 3126 con-

146 3147 235 3204 flixit:
260 3148 362 3223 pulsus
384 3148 568 3225 (incredibile
583 3147 676 3224 dictu)
701 3148 785 3204 biduo
800 3157 828 3203 et
850 3147 963 3204 duabus
984 3167 1050 3220 noc7

144 3227 221 3283 tibus
236 3226 451 3283 Hadrumetum
466 3228 604 3301 pervenit,
619 3226 694 3300 quod
710 3227 789 3282 abest
804 3225 922 3282 aZama
936 3227 1052 3283 circiter
1130 3271 1134 3279 .

145 3305 237 3360 millia
263 3323 401 3380 passuum
424 3315 563 3361 trecenta.
604 3304 637 3361 ln
660 3304 715 3360 hac
739 3302 808 3379 fuga
832 3304 978 3373 Numidae,
1001 3306 1050 3378 qui
1071 3309 1090 3360 4

144 3382 231 3438 simul
255 3402 324 3438 cum
347 3403 381 3439 eo
404 3402 439 3439 ex
463 3383 525 3438 acie
548 3391 741 3449 excesserant,
764 3381 889 3437 insidiati
911 3394 977 3439 sunt
1004 3383 1050 3438 ei:

145 3479 216 3534 quos
231 3479 287 3517 non
303 3460 396 3517 solum
411 3460 520 3536 effugit,
536 3460 584 3516 sed
601 3461 688 3516 etiarn
712 3461 788 3534 ipsos
801 3460 950 3533 oppressit.
992 3458 1051 3514 Ha-

144 3537 268 3595 drumeti
284 3539 411 3613 reliquos
425 3557 461 3594 ex
476 3537 546 3614 fuga
560 3539 692 3614 collegit:
714 3538 796 3594 novis
809 3535 968 3593 delentibus
981 3552 1051 3610 pau·

144 3615 188 3673 cis
201 3616 304 3675 diebus
319 3618 424 3674 multos
437 3617 589 3674 contraxit.
788 3628 791 3632 ’
