2474 4080
187 241 229 303 90
398 236 521 301 XXIII.
566 245 594 313 8,
609 245 638 302 4.
682 235 890 323 (Hannibal.)

183 390 342 469 sacn'sicare
367 392 532 459 instituerat,
558 410 679 465 eumque,
701 393 798 448 cauus
819 392 941 460 rauwtir,
960 401 1093 451 unauna

177 468 279 543 jurare
287 470 384 545 jussit,
399 489 546 543 numquam
560 489 601 527 me
616 474 646 526 iu
656 472 778 527 amicitia
792 488 854 525 cum
867 468 1090 548 Romanisfore.

144 548 162 600 5
184 544 220 601 Id
234 566 283 621 ego
289 548 490 622 jusjurandum
499 551 578 622 putri
591 549 685 605 datum
699 567 785 623 usquc
799 548 838 603 ad
849 547 921 605 hauc
934 557 1040 607 nutam
1053 552 1092 607 iu

183 630 352 695 conservavi,
377 637 408 683 ut
432 630 536 683 numiui
558 628 670 683 dubium
691 646 752 685 ease
772 626 878 695 debeat
899 629 968 701 quia
986 629 1091 703 reliquo

143 706 161 758 6
183 713 299 777 tempore
313 707 408 763 eodem
422 715 508 761 moute
522 707 574 762 sim
580 703 713 781 futurus.
758 702 864 775 Quare,
879 707 906 761 ai
919 706 988 780 quid
1005 701 1091 765 amice

182 783 216 837 da
231 782 368 841 Romanis
382 785 523 859 cogitabis,
545 803 600 841 nou
613 786 800 858 imprudenter
815 781 979 859 severiani
994 803 1036 842 me
1050 804 1090 843 ct-

182 863 278 930 ioris;
299 882 382 936 quum
395 863 503 937 quidem
518 863 617 919 bellum
636 863 763 936 parabit,
778 871 803 918 tu
824 864 914 935 ipsum
928 860 1090 939 smirnii·

75 972 79 980 ·
181 943 232 1007 ris,
247 943 274 996 si
287 961 328 998 mc
342 960 396 998 nou
410 944 440 998 iu
453 959 485 998 eo
494 944 648 1014 principem
658 943 798 1014 posuerit.

144 1021 158 1073 1
222 1018 273 1075 ΙΙΙ.
297 1019 364 1076 Hac
389 1021 486 1096 igitur,
510 1039 569 1094 qua
593 1020 727 1089 diximus,
753 1029 837 1076 aetate
862 1038 931 1076 curn
956 1028 1038 1096 patre
1060 1020 1090 1077 in

123 1135 129 1146 .
182 1095 353 1172 Hispaniam
368 1096 514 1173 profectus
525 1109 584 1155 est:
607 1098 692 1172 cujus
707 1109 768 1174 post
778 1099 897 1167 obitum,
905 1097 1089 1155 Hasdrubale

182 1175 353 1249 imperatore
368 1176 497 1245 suffecto,
514 1178 654 1252 equitatui
675 1178 753 1233 omni
775 1174 900 1251 praefuit.
942 1175 1008 1233 Hoc
1021 1196 1088 1251 quo·

183 1270 239 1324 que
259 1252 418 1322 interfecto,
434 1257 581 1312 exercitus
595 1274 739 1312 summam
762 1255 876 1330 imperii
891 1254 928 1311 ad
951 1273 1019 1311 eum
1043 1255 1088 1313 de·

181 1331 256 1387 tulit.
298 1331 330 1388 Id
351 1331 557 1409 Carthaginem
581 1334 709 1390 delatum
734 1334 849 1408 publice
874 1334 1089 1408 comprobatum

141 1411 161 1463 2
181 1419 233 1465 est.
269 1409 318 1466 Sic
334 1410 480 1468 Hannibal
496 1413 590 1468 minor
603 1414 731 1487 quinque
746 1423 774 1469 et
789 1412 891 1487 viginti
906 1412 1088 1469 coniunctus

180 1487 335 1562 imperator
357 1487 451 1546 factus
473 1491 601 1566 proximo
616 1492 738 1559 triennio
752 1509 851 1547 omnes
870 1500 971 1566 gentes
986 1489 1087 1566 Hispa·

181 1567 237 1621 niae
257 1567 332 1623 bello
346 1569 459 1645 subegit
469 1588 478 1641 ;
502 1569 674 1646 Saguntum,
691 1568 860 1626 foederatam
879 1569 1044 1637 civitatem,
1059 1569 1086 1625 vi

141 1646 377 1721 3expugnavit3
401 1657 459 1704 tres
474 1648 620 1705 exercitus
645 1649 785 1704 maximos
810 1647 999 1722 comparavit.
1042 1646 1088 1703 Ex

182 1723 226 1778 his
242 1743 332 1781 unum
358 1726 387 1780 in
404 1725 539 1783 Africam
562 1727 648 1795 misit,
664 1727 789 1783 alterum
814 1744 881 1782 cum
904 1725 1087 1782 Hasdrubale

181 1800 269 1860 fratre
291 1805 321 1860 in
346 1802 490 1879 Hispania
511 1805 636 1880 reliquit,
652 1806 770 1861 tertium
794 1805 824 1860 in
849 1803 963 1860 Italiam
988 1822 1087 1877 secum

180 1879 272 1939 duxit.
315 1883 430 1939 Saltum
453 1885 629 1958 Pyrenaeum
650 1884 774 1940 transiit.
817 1882 1015 1956 Quacumque
1035 1882 1097 1957 iter·

181 1958 257 2030 fecit,
270 1981 338 2019 cum
352 1963 485 2018 omnibus
499 1963 602 2019 incolis
617 1963 764 2033 conflixit3
787 1962 943 2029 neminem,
959 1961 1016 2016 nisi
1030 1962 1086 2017 vic-

141 2041 159 2093 4
180 2047 250 2105 tum,
268 2041 384 2096 dimisit.
423 2041 471 2096 Ad
487 2041 580 2116 Alpes
594 2050 785 2115 posteaquam*
795 2040 882 2107 venit,
898 2057 964 2112 quae
975 2038 1087 2096 Italiam

180 2119 217 2172 ab
233 2118 330 2174 Gallia
345 2119 510 2194 sejungunt,
526 2139 599 2193 quas
613 2138 698 2175 nemo
713 2137 851 2192 umquam
873 2136 942 2173 cum
957 2119 1086 2174 exercitu

181 2206 247 2251 ante
273 2215 349 2264 eum,
376 2208 481 2269 praeter
507 2198 666 2254 Herculem
692 2197 825 2273 Graium,
841 2197 993 2252 transierat
1017 2194 1086 2272 (quo

180 2271 255 2328 facto
276 2275 301 2328 is
322 2275 405 2330 hodie
427 2275 518 2330 saltus
541 2274 649 2332 Graius
671 2273 863 2351 appellaturi:
885 2274 1016 2348 AlpIcos,
1042 2293 1085 2330 co·

179 2361 280 2406 nantes
294 2352 443 2426 prohibere
459 2353 590 2422 transitu,
603 2355 736 2422 concidit,
749 2354 815 2410 loca
830 2351 972 2427 patefecit,
985 2354 1086 2409 itInera

179 2431 292 2497 muniit,
308 2429 403 2487 effecit
418 2431 511 2507 [que],
523 2442 554 2488 ut
569 2451 604 2488 ea
619 2433 789 2508 elephantus
799 2442 917 2488 ornatus
931 2433 974 2487 ire
984 2440 1084 2506 posset,

178 2526 237 2582 qua
251 2519 336 2565 antea
351 2528 427 2567 unus
448 2511 531 2568 homo
546 2512 664 2567 inermis
680 2512 728 2566 vix
743 2520 851 2586 poterat
866 2528 978 2586 repere.
1020 2508 1085 2566 Hac

180 2587 277 2662 copias
291 2588 425 2659 traduxit,
441 2590 470 2646 in
485 2588 655 2665 Italiamque
670 2591 809 2664 pervenit.

141 2669 155 2721 1
219 2666 272 2723 IV.
302 2667 477 2725 Conflixerat
503 2667 578 2744 apud
604 2668 778 2724 Rhodanum
802 2686 870 2724 curn
893 2666 927 2724 P.
953 2665 1086 2723 Cornelio

179 2745 312 2821 Scipione
327 2747 393 2804 Cos.
408 2767 535 2822 eumque
550 2747 709 2821 pepulerat.
750 2745 824 2802 Cum
839 2746 893 2802 hoc
908 2743 1009 2801 eodem
1024 2743 1085 2820 [de]

179 2823 317 2880 Clastidio
339 2825 414 2899 apud
430 2826 540 2882 Padum
556 2825 703 2882 decernit:
725 2825 859 2881 saucium
874 2823 940 2880 inde
955 2842 991 2879 ac
1006 2821 1084 2899 fuga-

139 2905 157 2956 2
179 2912 240 2957 turn
255 2902 379 2958 dimittit.
423 2901 523 2959 Tertio
537 2903 613 2959 idem
635 2904 732 2979 Scipio
748 2921 815 2960 cum
831 2902 953 2978 collega,
969 2901 1085 2958 Tiberio

179 2978 289 3053 Longo,
305 2980 380 3052 apud
407 2978 545 3036 Trebiam
560 2982 700 3038 adversus
724 3000 792 3038 eum
807 2982 896 3037 venit.
940 2979 1019 3039 Cum
1042 2979 1085 3035 hia

179 3075 298 3111 manum
313 3058 477 3113 conseruit:
501 3069 635 3132 utrosque
661 3060 834 3136 profligavit.
876 3057 946 3116 Inde
966 3076 1018 3132 per
1038 3056 1084 3114 Li-

140 3139 157 3191 3
179 3136 470 3211 gureaApenninum
491 3138 612 3207 transiit,
629 3150 728 3213 petens
753 3137 913 3194 Etruriam.
956 3135 1022 3194 Hoc
1042 3135 1084 3191 iti·

179 3231 248 3268 nere
274 3213 345 3269 adeo
366 3215 450 3288 gravi
476 3214 572 3271 morbo
597 3217 723 3274 afficitur
746 3217 908 3284 oculorum,
934 3223 966 3270 ut
991 3225 1085 3289 postea

179 3310 336 3364 numquam
352 3291 469 3350 dextero
483 3312 565 3368 aeque
581 3294 652 3351 bene
668 3314 738 3351 usus
753 3296 798 3352 sit.
838 3294 907 3358 Qua
923 3292 1085 3350 valetudine

178 3388 269 3445 quum
294 3371 380 3426 etiam
406 3390 484 3427 nunc
510 3383 697 3448 premeretur,
714 3374 876 3447 lecticaque
901 3370 1035 3439 ferretur,
1050 3369 1084 3426 C.

179 3448 357 3504 Flaminium
378 3449 442 3506 Coa.
460 3451 535 3524 apud
560 3449 766 3508 Trasimenum
781 3470 850 3508 cum
864 3451 994 3507 exercitu
1019 3449 1084 3505 insi-

178 3528 233 3584 diis
247 3528 479 3584 circumventum
493 3529 614 3587 occidit:
636 3548 730 3604 neque
746 3531 836 3586 multo
850 3538 912 3604 post
933 3527 966 3585 C.
984 3527 1084 3585 Cente-

178 3608 260 3664 nium
282 3615 443 3682 praetorem,
458 3625 527 3664 cum
548 3607 661 3666 delecta
674 3627 764 3665 manu
777 3609 869 3665 saltus
882 3616 1083 3682 occupantem.
