2474 4080
146 260 150 267 Ι
200 289 241 348 24
437 283 495 347 IV.
530 290 561 360 4,
577 291 608 347 5.
651 285 866 364 (Pausanias.)

204 433 348 507 putabant,
359 430 395 488 de
407 431 457 488 tali
467 441 580 505 tamque
593 432 670 488 claro
680 431 741 488 viro
751 431 964 507 suspicionibus
975 443 1108 510 oportere

201 509 335 586 judicari,
352 521 381 565 et
394 510 630 586 exspectandum,
645 509 711 565 dum
725 529 757 566 se
772 511 837 585 ipsa
849 529 898 567 res
913 511 1047 586 aperiret.

169 592 179 646 l
245 587 299 644 IV.
321 588 440 644 Interim
459 588 587 663 Argilius
611 587 735 661 quidam,
757 589 1001 660 adolescentulus,
1020 609 1108 664 quum

205 666 357 741 epistolam
366 668 401 722 ab
413 685 448 723 eo
463 666 499 722 ad
509 668 681 723 Artabazum
692 667 866 742 accepisset,
878 667 961 741 eique
972 669 1003 724 in
1014 669 1108 745 suspi-

206 745 319 801 cionem
327 746 465 814 venisset,
478 745 585 819 aliquid
599 743 629 800 in
644 764 680 801 ea
694 744 729 801 de
744 764 777 801 se
790 765 857 802 esse
871 747 1017 820 scripturn,
1032 746 1109 821 quod

204 840 289 879 nemo
299 842 397 880 eorum
410 823 556 892 rediisset,
571 822 619 896 qui
633 842 720 897 super
738 823 788 879 tali
804 843 892 880 causa
907 825 1010 881 eodem
1023 826 1108 882 missi

206 913 296 971 erant,
310 903 426 958 vincula
448 901 578 977 epistolae
599 902 715 970 laxavit,
730 901 869 976 signoque
891 902 1019 959 detracto
1040 921 1108 979 cog·

165 984 184 1036 2
205 980 292 1050 novit,
314 980 339 1036 si
360 981 535 1054 pertulisset,
558 979 613 1036 sibi
637 999 703 1036 esse
728 981 916 1053 pereundum.
965 981 1056 1037 Erant
1077 982 1109 1040 in

206 1058 308 1115 eadem
323 1058 455 1133 epistolt,
469 1077 530 1132 quae
546 1057 582 1114 ad
597 1077 632 1114 ea
645 1059 833 1133 pertinebant,
845 1077 906 1132 quae
921 1059 1109 1134 interregem

206 1137 436 1211 Pausaniamque
459 1147 661 1193 convenerant.
703 1136 767 1193 Has
789 1137 839 1193 ille
861 1137 970 1193 litteras
991 1137 1108 1212 ephoris

167 1218 184 1271 3
205 1215 329 1271 tradidit.
385 1215 453 1272 Non
477 1225 528 1271 est
550 1215 746 1288 praetereunda
771 1215 897 1289 gravitas
923 1215 1108 1272 Lacedaemo-

205 1294 316 1350 niorum
335 1293 391 1350 hoc
410 1294 486 1350 loco.
528 1294 605 1350 Nam
624 1311 662 1349 ne
683 1292 768 1367 hujus
793 1293 1037 1366 quidsmindicio
1056 1294 1108 1350 im-

205 1372 282 1446 pulsi
297 1383 370 1441 sunt,
382 1384 412 1428 ut
426 1372 600 1428 Pausaniam
615 1371 1017 1445 comprehenderent;·neque
1029 1373 1108 1447 prius

208 1451 264 1507 vim
287 1450 478 1506 adhibendam
502 1460 678 1525 putaverunt,
692 1468 777 1523 quarn
798 1469 831 1506 se
852 1450 916 1525 ipse
938 1450 1107 1508 indicasset.

167 1534 185 1584 4
207 1529 307 1605 Itaque
322 1528 390 1584 huic
405 1529 505 1598 indici,
519 1529 587 1601 quid
601 1529 664 1584 fieri
677 1528 795 1597 vellent,
810 1539 1018 1602 praeceperunt.
1054 1529 1109 1586 Fa·

205 1627 273 1663 num
300 1606 429 1681 Neptuni
459 1619 503 1663 est
530 1607 654 1676 Taenari,
677 1606 752 1680 quod
774 1606 877 1662 violari
900 1605 983 1662 nefas
1010 1618 1110 1681 putant

209 1686 313 1742 Graeci.
350 1686 395 1743 Eo
404 1687 454 1743 ille
468 1686 557 1742 index
571 1685 716 1760 confugit;
737 1683 767 1740 in
782 1703 831 1741 ara
845 1685 986 1741 consedit.
1022 1685 1109 1742 Hanc

130 1773 134 1780 “
203 1765 285 1841 juxta
298 1765 396 1821 locum
408 1764 539 1821 fecerunt
553 1766 605 1821 sub
620 1775 704 1833 terra,
719 1781 756 1819 ex
776 1781 832 1838 quo
853 1774 953 1837 posset
967 1761 1068 1833 audiri,
1083 1765 1110 1820 si

207 1844 271 1917 quis
298 1844 367 1919 quid
390 1843 553 1918 loqueretur
577 1862 642 1899 curn
666 1842 787 1917 Argilio.
829 1841 896 1898 Huc
926 1860 963 1898 ex
991 1842 1109 1915 ephoris

168 1927 185 1977 5
206 1922 323 1996 quidam
336 1923 557 1981 descenderunt.
600 1922 770 1989 Pausanias,
784 1930 815 1975 ut
835 1920 951 1988 audivit,
966 1920 1109 1995 Argilium

208 1998 374 2093 confflsse
387 2000 419 2059 in
440 2021 526 2070 aram,
540 2002 719 2075 perturbatus
734 1999 814 2055 venit
828 2017 873 2055 eo.
916 1999 1010 2064 Quem
1024 2018 1110 2072 quum

207 2080 369 2154 supplicem
391 2074 450 2137 Dei
464 2080 575 2135 videret
596 2079 625 2134 in
647 2097 696 2134 ara
716 2077 876 2145 sedentem,
890 2077 997 2150 quaerit,
1012 2096 1110 2135 causae

207 2159 274 2230 quid
289 2158 327 2213 sit
340 2168 398 2213 tarn
412 2157 562 2232 repentino
584 2156 715 2211 consilio.
757 2155 834 2212 Huic
857 2155 916 2223 ille,
931 2155 999 2231 quid
1013 2174 1051 2211 ex
1063 2156 1110 2212 lit·

168 2238 186 2291 6
206 2234 277 2291 teris
298 2235 496 2310 comperisset,
511 2235 611 2308 aperit.
653 2234 741 2289 Modo
756 2234 848 2308 magis
871 2234 1030 2290 Pausanias
1045 2252 1109 2309 per·

208 2315 334 2369 turbatus
356 2330 437 2369 orare
452 2313 548 2386 coepit,
561 2332 599 2368 ne
615 2312 784 2380 enuntiaret,
798 2331 854 2368 nec
869 2331 912 2381 se,
925 2312 1058 2368 meritum
1072 2312 1108 2370 de

208 2391 259 2448 illo
273 2391 390 2466 optime,
404 2391 546 2466 proderet.
590 2390 674 2455 Quod
694 2390 719 2445 si
735 2409 799 2446 eam
815 2391 927 2446 veniam
942 2391 998 2446 sibi
1012 2390 1109 2447 dedis·

208 2481 262 2539 set,
284 2470 425 2543 tantisque
448 2469 625 2544 implicatum
644 2469 729 2525 rebus
751 2469 941 2539 sublevasset,
954 2487 1059 2543 magno
1080 2468 1110 2526 ei

207 2549 323 2623 praemio
337 2547 468 2606 futurum.

171 2631 182 2683 1
249 2628 285 2685 V.
317 2629 375 2686 His
397 2630 483 2685 rebus
505 2627 606 2702 ephori
631 2625 754 2701 cognitis
776 2626 865 2682 satius
886 2636 1064 2700 putaverunt,
1079 2625 1110 2682 in

207 2709 276 2764 urbe
292 2727 358 2764 eum
379 2707 593 2782 comprehendi.
636 2706 701 2771 Quo
715 2723 801 2779 quum
815 2715 915 2761 essent
935 2704 1065 2779 profecti,
1081 2715 1110 2785 et

209 2787 380 2856 Pausanias,
399 2777 513 2861 placato
534 2784 655 2859 Argilio,
679 2795 710 2840 ut
729 2785 853 2858 putabat,
869 2783 1110 2840 Lacedaemonem

208 2877 414 2922 reverteretur:
437 2865 468 2920 in
481 2865 593 2931 itinere,
608 2881 694 2937 quum
710 2863 771 2937 jam
791 2862 821 2917 in
836 2880 871 2917 eo
887 2871 974 2930 esset,
988 2872 1019 2916 ut
1033 2879 1110 2917 corn-

208 2942 444 3016 prehenderetur,
460 2960 497 2997 ex
510 2942 589 2996 vultu
609 2940 758 3014 cujusdam
779 2939 889 3013 ephori,
903 2939 952 3014 qui
974 2958 1039 2995 eum
1061 2939 1109 2996 ad·

168 3025 325 3077 amonem
348 3021 490 3093 cupiebat,
511 3018 632 3075 insidias
655 3017 710 3074 sibi
729 3017 792 3073 fieri
814 3018 966 3075 intellexit.
1008 3018 1108 3092 Itaque

208 3099 309 3173 paucis
331 3109 397 3154 ante
417 3097 561 3172 gradibuS,
578 3115 662 3170 quam
682 3096 731 3170 qui
752 3097 952 3170 sequebantur,
967 3095 997 3151 in
1018 3096 1110 3152 aedem

210 3177 358 3246 Minervae,
379 3195 443 3251 quae
460 3177 615 3253 χαλκίοικος
641 3187 767 3243 vocatur,
792 3173 928 3249 confugit.
971 3174 1049 3231 Hinc
1071 3193 1109 3230 ne

210 3256 289 3313 exire
310 3267 418 3330 posset,
433 3255 527 3310 statim
548 3253 649 3329 ephori
663 3254 761 3308 valvas
784 3254 846 3327 ejus
866 3253 936 3310 aedis
960 3254 1110 3309 obstruxe-

208 3344 281 3403 runt,
303 3345 465 3406 tectumque
491 3344 557 3389 sunt
580 3332 717 3400 demoliti,
741 3349 797 3406 quo
822 3331 937 3388 facilius
962 3333 1015 3388 sub
1043 3329 1109 3387 divo

170 3417 188 3471 3
208 3413 348 3471 interiret.
371 3412 491 3481 Dicitur,
506 3430 541 3468 eo
554 3420 682 3486 ternpore
694 3421 812 3466 matrem
825 3410 978 3466 Pausania
988 3408 1111 3478 vixisse,

210 3509 331 3566 eamque
342 3491 403 3567 jam
415 3509 519 3565 magno
533 3500 610 3558 natu,
624 3498 774 3563 postquam
788 3487 824 3544 de
839 3489 953 3544 scelere
968 3487 1020 3543 filii
1033 3505 1110 3543 corn·

209 3569 292 3648 perit,
306 3570 337 3626 in
356 3569 457 3645 primis
481 3569 517 3624 ad
538 3568 628 3624 filium
653 3566 844 3624 claudendum
863 3565 990 3639 lapidem
1010 3563 1047 3619 ad
1067 3565 1110 3621 in·

171 3654 322 3709 ttroitum
345 3647 416 3704 aedis
438 3647 579 3703 attulisse.
621 3645 672 3702 Sic
698 3644 858 3702 Pausanias
884 3660 1018 3719 maguam
1039 3641 1111 3701 belli
