<?xml version="1.0" encoding="UTF-8"?>
<!DOCTYPE html PUBLIC "-//W3C//DTD XHTML 1.0 Transitional//EN"
    "http://www.w3.org/TR/xhtml1/DTD/xhtml1-transitional.dtd">
<html xmlns="http://www.w3.org/1999/xhtml" xml:lang="en" lang="en">
 <head>
  <title>
</title>
<meta http-equiv="Content-Type" content="text/html;charset=utf-8" />
  <meta name='ocr-system' content='tesseract 3.04.00' />
  <meta name='ocr-capabilities' content='ocr_page ocr_carea ocr_par ocr_line ocrx_word'/>
</head>
<body>
  <div class='ocr_page' id='page_1' title='image "./corneliusneposw00nepogoog_0072.png"; bbox 0 0 2474 4080; ppageno 0'>
   <div class='ocr_carea' id='block_1_1' title="bbox 379 269 1057 356">
    <p class='ocr_par' dir='ltr' id='par_1_1' title="bbox 379 269 1057 356">
     <span class='ocr_line' id='line_1_1' title="bbox 379 269 1057 356; baseline 0.009 -21"><span class='ocrx_word' id='word_1_1' title='bbox 379 269 468 335; x_wconf 82' lang='lat' dir='ltr'>xvi.</span> <span class='ocrx_word' id='word_1_2' title='bbox 512 279 540 346; x_wconf 90' lang='lat'>4,</span> <span class='ocrx_word' id='word_1_3' title='bbox 557 280 587 336; x_wconf 87' lang='lat'>5.</span> <span class='ocrx_word' id='word_1_4' title='bbox 632 271 840 356; x_wconf 76' lang='lat' dir='ltr'>(Pelopidas.)</span> <span class='ocrx_word' id='word_1_5' title='bbox 1015 280 1057 341; x_wconf 77' lang='lat' dir='ltr'>er</span> 
     </span>
    </p>
   </div>
   <div class='ocr_carea' id='block_1_2' title="bbox 145 423 1097 3323">
    <p class='ocr_par' dir='ltr' id='par_1_2' title="bbox 152 423 1059 812">
     <span class='ocr_line' id='line_1_2' title="bbox 154 423 1059 501; baseline 0.004 -21"><span class='ocrx_word' id='word_1_6' title='bbox 154 423 352 498; x_wconf 84' lang='lat' dir='ltr'>bertatemque</span> <span class='ocrx_word' id='word_1_7' title='bbox 367 434 475 491; x_wconf 87' lang='lat' dir='ltr'>vocato,</span> <span class='ocrx_word' id='word_1_8' title='bbox 491 443 547 481; x_wconf 92' lang='lat' dir='ltr'>non</span> <span class='ocrx_word' id='word_1_9' title='bbox 570 425 662 482; x_wconf 91' lang='lat' dir='ltr'>solum</span> <span class='ocrx_word' id='word_1_10' title='bbox 687 427 787 501; x_wconf 89' lang='lat' dir='ltr'>quiin</span> <span class='ocrx_word' id='word_1_11' title='bbox 810 428 881 483; x_wconf 94' lang='lat' dir='ltr'>urbe</span> <span class='ocrx_word' id='word_1_12' title='bbox 903 437 993 496; x_wconf 87' lang='lat' dir='ltr'>erant,</span> <span class='ocrx_word' id='word_1_13' title='bbox 1008 425 1059 485; x_wconf 90' lang='lat' dir='ltr'>sed</span> 
     </span>
     <span class='ocr_line' id='line_1_3' title="bbox 153 502 1057 580; baseline 0.004 -22"><span class='ocrx_word' id='word_1_14' title='bbox 153 504 240 558; x_wconf 89' lang='lat' dir='ltr'>etiam</span> <span class='ocrx_word' id='word_1_15' title='bbox 256 502 383 576; x_wconf 86' lang='lat' dir='ltr'>undique</span> <span class='ocrx_word' id='word_1_16' title='bbox 398 521 434 558; x_wconf 91' lang='lat' dir='ltr'>ex</span> <span class='ocrx_word' id='word_1_17' title='bbox 449 505 526 578; x_wconf 88' lang='lat' dir='ltr'>agris</span> <span class='ocrx_word' id='word_1_18' title='bbox 547 516 764 572; x_wconf 86' lang='lat' dir='ltr'>concurrerunt,</span> <span class='ocrx_word' id='word_1_19' title='bbox 788 506 950 580; x_wconf 89' lang='lat' dir='ltr'>praesidium</span> <span class='ocrx_word' id='word_1_20' title='bbox 966 505 1057 562; x_wconf 87' lang='lat' dir='ltr'>Lace·</span> 
     </span>
     <span class='ocr_line' id='line_1_4' title="bbox 153 581 1056 657; baseline 0.003 -20"><span class='ocrx_word' id='word_1_21' title='bbox 153 581 359 641; x_wconf 86' lang='lat' dir='ltr'>daemoniorum</span> <span class='ocrx_word' id='word_1_22' title='bbox 373 599 409 636; x_wconf 89' lang='lat' dir='ltr'>ex</span> <span class='ocrx_word' id='word_1_23' title='bbox 425 599 491 637; x_wconf 88' lang='lat' dir='ltr'>arce</span> <span class='ocrx_word' id='word_1_24' title='bbox 517 583 699 656; x_wconf 86' lang='lat' dir='ltr'>pepulerunt,</span> <span class='ocrx_word' id='word_1_25' title='bbox 714 586 836 657; x_wconf 88' lang='lat' dir='ltr'>patriam</span> <span class='ocrx_word' id='word_1_26' title='bbox 858 584 1002 640; x_wconf 88' lang='lat' dir='ltr'>obsidione</span> <span class='ocrx_word' id='word_1_27' title='bbox 1024 584 1056 640; x_wconf 93' lang='lat' dir='ltr'>li-</span> 
     </span>
     <span class='ocr_line' id='line_1_5' title="bbox 152 659 1056 736; baseline 0.006 -22"><span class='ocrx_word' id='word_1_28' title='bbox 152 659 339 733; x_wconf 87' lang='lat' dir='ltr'>beraverunt,</span> <span class='ocrx_word' id='word_1_29' title='bbox 355 671 486 716; x_wconf 82' lang='lat' dir='ltr'>auctores</span> <span class='ocrx_word' id='word_1_30' title='bbox 510 660 644 716; x_wconf 85' lang='lat' dir='ltr'>Cadmeae</span> <span class='ocrx_word' id='word_1_31' title='bbox 658 661 833 734; x_wconf 88' lang='lat' dir='ltr'>occupandae</span> <span class='ocrx_word' id='word_1_32' title='bbox 857 663 960 736; x_wconf 86' lang='lat' dir='ltr'>partim</span> <span class='ocrx_word' id='word_1_33' title='bbox 982 663 1056 719; x_wconf 89' lang='lat' dir='ltr'>occi-</span> 
     </span>
     <span class='ocr_line' id='line_1_6' title="bbox 152 737 751 812; baseline 0 -19"><span class='ocrx_word' id='word_1_34' title='bbox 152 737 266 802; x_wconf 90' lang='lat' dir='ltr'>derunt,</span> <span class='ocrx_word' id='word_1_35' title='bbox 282 739 383 812; x_wconf 86' lang='lat' dir='ltr'>partim</span> <span class='ocrx_word' id='word_1_36' title='bbox 399 739 428 792; x_wconf 92' lang='lat' dir='ltr'>in</span> <span class='ocrx_word' id='word_1_37' title='bbox 444 739 578 793; x_wconf 85' lang='lat' dir='ltr'>exsilium</span> <span class='ocrx_word' id='word_1_38' title='bbox 593 739 751 812; x_wconf 87' lang='lat' dir='ltr'>ejecerunt.</span> 
     </span>
    </p>

    <p class='ocr_par' dir='ltr' id='par_1_3' title="bbox 149 814 1097 1751">
     <span class='ocr_line' id='line_1_7' title="bbox 192 814 1095 891; baseline 0.004 -19"><span class='ocrx_word' id='word_1_39' title='bbox 192 815 246 872; x_wconf 92' lang='lat' dir='ltr'>lV.</span> <span class='ocrx_word' id='word_1_40' title='bbox 269 814 334 872; x_wconf 91' lang='lat' dir='ltr'>Hoc</span> <span class='ocrx_word' id='word_1_41' title='bbox 348 826 406 871; x_wconf 89' lang='lat' dir='ltr'>tam</span> <span class='ocrx_word' id='word_1_42' title='bbox 421 815 533 873; x_wconf 91' lang='lat' dir='ltr'>turbido</span> <span class='ocrx_word' id='word_1_43' title='bbox 549 826 684 891; x_wconf 89' lang='lat' dir='ltr'>tempore,</span> <span class='ocrx_word' id='word_1_44' title='bbox 700 818 775 873; x_wconf 90' lang='lat' dir='ltr'>sicut</span> <span class='ocrx_word' id='word_1_45' title='bbox 796 835 885 891; x_wconf 92' lang='lat' dir='ltr'>supra</span> <span class='ocrx_word' id='word_1_46' title='bbox 899 817 1056 887; x_wconf 82' lang='lat' dir='ltr'>docuimus,</span> <span class='ocrx_word' id='word_1_47' title='bbox 1080 823 1095 876; x_wconf 95' lang='lat'>1</span> 
     </span>
     <span class='ocr_line' id='line_1_8' title="bbox 152 893 1058 969; baseline 0.002 -19"><span class='ocrx_word' id='word_1_48' title='bbox 152 893 377 969; x_wconf 91' lang='lat' dir='ltr'>Epaminondas,</span> <span class='ocrx_word' id='word_1_49' title='bbox 392 894 485 968; x_wconf 88' lang='lat' dir='ltr'>quoad</span> <span class='ocrx_word' id='word_1_50' title='bbox 500 913 568 950; x_wconf 92' lang='lat' dir='ltr'>cum</span> <span class='ocrx_word' id='word_1_51' title='bbox 582 896 695 950; x_wconf 89' lang='lat' dir='ltr'>civibus</span> <span class='ocrx_word' id='word_1_52' title='bbox 719 895 889 950; x_wconf 83' lang='lat' dir='ltr'>dimicatum</span> <span class='ocrx_word' id='word_1_53' title='bbox 915 907 966 963; x_wconf 88' lang='lat' dir='ltr'>est,</span> <span class='ocrx_word' id='word_1_54' title='bbox 982 896 1058 952; x_wconf 92' lang='lat' dir='ltr'>domi</span> 
     </span>
     <span class='ocr_line' id='line_1_9' title="bbox 151 971 1056 1048; baseline 0.001 -20"><span class='ocrx_word' id='word_1_55' title='bbox 151 974 268 1046; x_wconf 87' lang='lat' dir='ltr'>quietus</span> <span class='ocrx_word' id='word_1_56' title='bbox 283 971 347 1028; x_wconf 83' lang='lat' dir='ltr'>fuit.</span> <span class='ocrx_word' id='word_1_57' title='bbox 389 971 489 1048; x_wconf 90' lang='lat' dir='ltr'>Itaque</span> <span class='ocrx_word' id='word_1_58' title='bbox 505 973 567 1029; x_wconf 85' lang='lat' dir='ltr'>haec</span> <span class='ocrx_word' id='word_1_59' title='bbox 582 973 797 1030; x_wconf 90' lang='lat' dir='ltr'>liberandarum</span> <span class='ocrx_word' id='word_1_60' title='bbox 810 973 978 1029; x_wconf 86' lang='lat' dir='ltr'>Thebarum</span> <span class='ocrx_word' id='word_1_61' title='bbox 994 992 1056 1048; x_wconf 90' lang='lat' dir='ltr'>pro-</span> 
     </span>
     <span class='ocr_line' id='line_1_10' title="bbox 150 1045 1058 1126; baseline 0.003 -21"><span class='ocrx_word' id='word_1_62' title='bbox 150 1052 215 1126; x_wconf 87' lang='lat' dir='ltr'>pria</span> <span class='ocrx_word' id='word_1_63' title='bbox 239 1052 304 1107; x_wconf 85' lang='lat' dir='ltr'>laus</span> <span class='ocrx_word' id='word_1_64' title='bbox 324 1060 367 1106; x_wconf 88' lang='lat' dir='ltr'>est</span> <span class='ocrx_word' id='word_1_65' title='bbox 393 1050 553 1125; x_wconf 87' lang='lat' dir='ltr'>Pelopidae:</span> <span class='ocrx_word' id='word_1_66' title='bbox 575 1063 680 1108; x_wconf 85' lang='lat' dir='ltr'>ceterae</span> <span class='ocrx_word' id='word_1_67' title='bbox 702 1050 761 1106; x_wconf 86' lang='lat' dir='ltr'>fere</span> <span class='ocrx_word' id='word_1_68' title='bbox 776 1070 875 1107; x_wconf 88' lang='lat' dir='ltr'>omnes</span> <span class='ocrx_word' id='word_1_69' title='bbox 889 1045 1058 1108; x_wconf 76' lang='lat' dir='ltr'>communes</span> 
     </span>
     <span class='ocr_line' id='line_1_11' title="bbox 149 1127 1097 1205; baseline 0.002 -18"><span class='ocrx_word' id='word_1_70' title='bbox 149 1148 219 1189; x_wconf 79' lang='lat' dir='ltr'>cum</span> <span class='ocrx_word' id='word_1_71' title='bbox 234 1129 444 1204; x_wconf 86' lang='lat' dir='ltr'>Epaminonda.</span> <span class='ocrx_word' id='word_1_72' title='bbox 487 1127 622 1202; x_wconf 83' lang='lat' dir='ltr'>Namque</span> <span class='ocrx_word' id='word_1_73' title='bbox 644 1130 798 1186; x_wconf 76' lang='lat' dir='ltr'>Leuctrica</span> <span class='ocrx_word' id='word_1_74' title='bbox 813 1147 920 1205; x_wconf 90' lang='lat' dir='ltr'>pugna,</span> <span class='ocrx_word' id='word_1_75' title='bbox 936 1131 1056 1204; x_wconf 91' lang='lat' dir='ltr'>impera·</span> <span class='ocrx_word' id='word_1_76' title='bbox 1078 1135 1097 1189; x_wconf 77' lang='lat'>2</span> 
     </span>
     <span class='ocr_line' id='line_1_12' title="bbox 149 1206 1056 1284; baseline 0.001 -21"><span class='ocrx_word' id='word_1_77' title='bbox 149 1217 211 1263; x_wconf 86' lang='lat' dir='ltr'>tore</span> <span class='ocrx_word' id='word_1_78' title='bbox 226 1207 435 1282; x_wconf 86' lang='lat' dir='ltr'>Epaminonda,</span> <span class='ocrx_word' id='word_1_79' title='bbox 451 1208 499 1263; x_wconf 94' lang='lat' dir='ltr'>bic</span> <span class='ocrx_word' id='word_1_80' title='bbox 515 1206 567 1263; x_wconf 83' lang='lat' dir='ltr'>fuit</span> <span class='ocrx_word' id='word_1_81' title='bbox 587 1207 645 1263; x_wconf 93' lang='lat' dir='ltr'>dux</span> <span class='ocrx_word' id='word_1_82' title='bbox 660 1209 779 1263; x_wconf 87' lang='lat' dir='ltr'>delectae</span> <span class='ocrx_word' id='word_1_83' title='bbox 794 1227 905 1275; x_wconf 90' lang='lat' dir='ltr'>manns,</span> <span class='ocrx_word' id='word_1_84' title='bbox 921 1227 986 1282; x_wconf 87' lang='lat' dir='ltr'>qnae</span> <span class='ocrx_word' id='word_1_85' title='bbox 1001 1210 1056 1284; x_wconf 90' lang='lat' dir='ltr'>pri-</span> 
     </span>
     <span class='ocr_line' id='line_1_13' title="bbox 149 1285 1095 1361; baseline 0.003 -20"><span class='ocrx_word' id='word_1_86' title='bbox 149 1304 198 1341; x_wconf 88' lang='lat' dir='ltr'>ma</span> <span class='ocrx_word' id='word_1_87' title='bbox 210 1286 382 1361; x_wconf 90' lang='lat' dir='ltr'>pbalangem</span> <span class='ocrx_word' id='word_1_88' title='bbox 398 1286 550 1361; x_wconf 90' lang='lat' dir='ltr'>prostravit</span> <span class='ocrx_word' id='word_1_89' title='bbox 564 1285 725 1343; x_wconf 90' lang='lat' dir='ltr'>Laconum.</span> <span class='ocrx_word' id='word_1_90' title='bbox 757 1286 901 1342; x_wconf 89' lang='lat' dir='ltr'>Omnibus</span> <span class='ocrx_word' id='word_1_91' title='bbox 916 1297 1055 1360; x_wconf 85' lang='lat' dir='ltr'>praeterea</span> <span class='ocrx_word' id='word_1_92' title='bbox 1077 1292 1095 1344; x_wconf 84' lang='lat'><strong>3</strong></span> 
     </span>
     <span class='ocr_line' id='line_1_14' title="bbox 149 1363 1054 1440; baseline 0.002 -20"><span class='ocrx_word' id='word_1_93' title='bbox 149 1365 288 1439; x_wconf 90' lang='lat' dir='ltr'>periculis</span> <span class='ocrx_word' id='word_1_94' title='bbox 303 1363 394 1420; x_wconf 87' lang='lat' dir='ltr'>affuit.</span> <span class='ocrx_word' id='word_1_95' title='bbox 436 1364 519 1420; x_wconf 86' lang='lat' dir='ltr'>Sicut</span> <span class='ocrx_word' id='word_1_96' title='bbox 534 1364 665 1439; x_wconf 87' lang='lat' dir='ltr'>Spartam</span> <span class='ocrx_word' id='word_1_97' title='bbox 681 1383 770 1439; x_wconf 89' lang='lat' dir='ltr'>quum</span> <span class='ocrx_word' id='word_1_98' title='bbox 785 1366 970 1440; x_wconf 89' lang='lat' dir='ltr'>oppugnavit,</span> <span class='ocrx_word' id='word_1_99' title='bbox 986 1365 1054 1422; x_wconf 88' lang='lat' dir='ltr'>alte-</span> 
     </span>
     <span class='ocr_line' id='line_1_15' title="bbox 150 1440 1053 1517; baseline 0.002 -19"><span class='ocrx_word' id='word_1_100' title='bbox 150 1440 217 1503; x_wconf 66' lang='lat' dir='ltr'>fflm</span> <span class='ocrx_word' id='word_1_101' title='bbox 231 1443 321 1499; x_wconf 85' lang='lat' dir='ltr'>tenuit</span> <span class='ocrx_word' id='word_1_102' title='bbox 337 1461 445 1498; x_wconf 88' lang='lat' dir='ltr'>cornu:</span> <span class='ocrx_word' id='word_1_103' title='bbox 468 1461 581 1517; x_wconf 91' lang='lat' dir='ltr'>quoque</span> <span class='ocrx_word' id='word_1_104' title='bbox 604 1441 737 1498; x_wconf 86' lang='lat' dir='ltr'>Messena</span> <span class='ocrx_word' id='word_1_105' title='bbox 751 1444 876 1499; x_wconf 83' lang='lat' dir='ltr'>celerius</span> <span class='ocrx_word' id='word_1_106' title='bbox 892 1444 1053 1500; x_wconf 86' lang='lat' dir='ltr'>restituere·</span> 
     </span>
     <span class='ocr_line' id='line_1_16' title="bbox 149 1519 1057 1597; baseline 0.003 -21"><span class='ocrx_word' id='word_1_107' title='bbox 149 1529 207 1588; x_wconf 92' lang='lat' dir='ltr'>tur,</span> <span class='ocrx_word' id='word_1_108' title='bbox 222 1521 336 1597; x_wconf 87' lang='lat' dir='ltr'>legatus</span> <span class='ocrx_word' id='word_1_109' title='bbox 351 1522 379 1576; x_wconf 93' lang='lat' dir='ltr'>in</span> <span class='ocrx_word' id='word_1_110' title='bbox 396 1521 498 1596; x_wconf 79' lang='lat' dir='ltr'>Persas</span> <span class='ocrx_word' id='word_1_111' title='bbox 512 1533 554 1576; x_wconf 89' lang='lat' dir='ltr'>est</span> <span class='ocrx_word' id='word_1_112' title='bbox 579 1519 733 1596; x_wconf 87' lang='lat' dir='ltr'>profectus.</span> <span class='ocrx_word' id='word_1_113' title='bbox 777 1519 909 1594; x_wconf 89' lang='lat' dir='ltr'>Denique</span> <span class='ocrx_word' id='word_1_114' title='bbox 925 1521 987 1577; x_wconf 86' lang='lat' dir='ltr'>baec</span> <span class='ocrx_word' id='word_1_115' title='bbox 1003 1521 1057 1579; x_wconf 85' lang='lat' dir='ltr'>fuit</span> 
     </span>
     <span class='ocr_line' id='line_1_17' title="bbox 149 1598 1055 1675; baseline 0 -19"><span class='ocrx_word' id='word_1_116' title='bbox 149 1600 242 1656; x_wconf 89' lang='lat' dir='ltr'>altera</span> <span class='ocrx_word' id='word_1_117' title='bbox 257 1618 378 1675; x_wconf 89' lang='lat' dir='ltr'>persona</span> <span class='ocrx_word' id='word_1_118' title='bbox 393 1598 512 1666; x_wconf 83' lang='lat' dir='ltr'>Thebis,</span> <span class='ocrx_word' id='word_1_119' title='bbox 527 1599 575 1655; x_wconf 91' lang='lat' dir='ltr'>sed</span> <span class='ocrx_word' id='word_1_120' title='bbox 597 1610 693 1655; x_wconf 87' lang='lat' dir='ltr'>tamen</span> <span class='ocrx_word' id='word_1_121' title='bbox 708 1599 839 1656; x_wconf 90' lang='lat' dir='ltr'>secunda</span> <span class='ocrx_word' id='word_1_122' title='bbox 853 1601 901 1668; x_wconf 89' lang='lat' dir='ltr'>ita,</span> <span class='ocrx_word' id='word_1_123' title='bbox 919 1610 949 1655; x_wconf 91' lang='lat' dir='ltr'>ut</span> <span class='ocrx_word' id='word_1_124' title='bbox 963 1601 1055 1674; x_wconf 91' lang='lat' dir='ltr'>proxi-</span> 
     </span>
     <span class='ocr_line' id='line_1_18' title="bbox 149 1676 519 1751; baseline 0 -19"><span class='ocrx_word' id='word_1_125' title='bbox 149 1696 198 1733; x_wconf 92' lang='lat' dir='ltr'>ma</span> <span class='ocrx_word' id='word_1_126' title='bbox 213 1687 288 1734; x_wconf 86' lang='lat' dir='ltr'>esset</span> <span class='ocrx_word' id='word_1_127' title='bbox 302 1676 519 1751; x_wconf 87' lang='lat' dir='ltr'>Epaminondae.</span> 
     </span>
    </p>

    <p class='ocr_par' dir='ltr' id='par_1_4' title="bbox 145 1753 1094 3323">
     <span class='ocr_line' id='line_1_19' title="bbox 189 1753 1094 1813; baseline 0.002 -2"><span class='ocrx_word' id='word_1_128' title='bbox 189 1755 228 1811; x_wconf 93' lang='lat' dir='ltr'>V.</span> <span class='ocrx_word' id='word_1_129' title='bbox 252 1755 439 1812; x_wconf 86' lang='lat' dir='ltr'>Conflictatus</span> <span class='ocrx_word' id='word_1_130' title='bbox 453 1767 549 1811; x_wconf 89' lang='lat' dir='ltr'>autem</span> <span class='ocrx_word' id='word_1_131' title='bbox 560 1765 602 1811; x_wconf 92' lang='lat' dir='ltr'>est</span> <span class='ocrx_word' id='word_1_132' title='bbox 616 1773 683 1811; x_wconf 92' lang='lat' dir='ltr'>cum</span> <span class='ocrx_word' id='word_1_133' title='bbox 694 1755 815 1810; x_wconf 90' lang='lat' dir='ltr'>adversa</span> <span class='ocrx_word' id='word_1_134' title='bbox 830 1753 953 1811; x_wconf 84' lang='lat' dir='ltr'>fortuna.</span> <span class='ocrx_word' id='word_1_135' title='bbox 977 1755 1056 1812; x_wconf 87' lang='lat' dir='ltr'>Nam</span> <span class='ocrx_word' id='word_1_136' title='bbox 1079 1757 1094 1813; x_wconf 92' lang='lat' dir='ltr'>l</span> 
     </span>
     <span class='ocr_line' id='line_1_20' title="bbox 148 1833 1056 1908; baseline 0 -18"><span class='ocrx_word' id='word_1_137' title='bbox 148 1844 177 1890; x_wconf 89' lang='lat' dir='ltr'>et</span> <span class='ocrx_word' id='word_1_138' title='bbox 191 1835 281 1901; x_wconf 91' lang='lat' dir='ltr'>initio,</span> <span class='ocrx_word' id='word_1_139' title='bbox 297 1835 373 1890; x_wconf 91' lang='lat' dir='ltr'>sicut</span> <span class='ocrx_word' id='word_1_140' title='bbox 387 1833 570 1900; x_wconf 86' lang='lat' dir='ltr'>ostendimus,</span> <span class='ocrx_word' id='word_1_141' title='bbox 587 1833 670 1890; x_wconf 90' lang='lat' dir='ltr'>exsul</span> <span class='ocrx_word' id='word_1_142' title='bbox 689 1834 781 1908; x_wconf 88' lang='lat' dir='ltr'>patria</span> <span class='ocrx_word' id='word_1_143' title='bbox 796 1833 899 1902; x_wconf 90' lang='lat' dir='ltr'>caruit,</span> <span class='ocrx_word' id='word_1_144' title='bbox 914 1843 950 1900; x_wconf 87' lang='lat' dir='ltr'>ct,</span> <span class='ocrx_word' id='word_1_145' title='bbox 966 1853 1056 1907; x_wconf 89' lang='lat' dir='ltr'>quum</span> 
     </span>
     <span class='ocr_line' id='line_1_21' title="bbox 149 1911 1055 1986; baseline -0.001 -17"><span class='ocrx_word' id='word_1_146' title='bbox 149 1912 332 1969; x_wconf 87' lang='lat' dir='ltr'>Thessaliam</span> <span class='ocrx_word' id='word_1_147' title='bbox 347 1913 376 1967; x_wconf 92' lang='lat' dir='ltr'>in</span> <span class='ocrx_word' id='word_1_148' title='bbox 392 1919 560 1986; x_wconf 86' lang='lat' dir='ltr'>potestatem</span> <span class='ocrx_word' id='word_1_149' title='bbox 568 1911 774 1968; x_wconf 90' lang='lat' dir='ltr'>Thebanorum</span> <span class='ocrx_word' id='word_1_150' title='bbox 784 1923 903 1984; x_wconf 88' lang='lat' dir='ltr'>cuperet</span> <span class='ocrx_word' id='word_1_151' title='bbox 916 1912 1055 1986; x_wconf 81' lang='lat' dir='ltr'>redigere,</span> 
     </span>
     <span class='ocr_line' id='line_1_22' title="bbox 148 1989 1056 2065; baseline 0 -19"><span class='ocrx_word' id='word_1_152' title='bbox 148 1990 358 2065; x_wconf 86' lang='lat' dir='ltr'>legationisque</span> <span class='ocrx_word' id='word_1_153' title='bbox 378 1991 445 2065; x_wconf 88' lang='lat' dir='ltr'>jure</span> <span class='ocrx_word' id='word_1_154' title='bbox 470 1991 540 2046; x_wconf 87' lang='lat' dir='ltr'>satis</span> <span class='ocrx_word' id='word_1_155' title='bbox 564 2001 673 2047; x_wconf 90' lang='lat' dir='ltr'>tectum</span> <span class='ocrx_word' id='word_1_156' title='bbox 698 1995 734 2045; x_wconf 67' lang='lat' dir='ltr'>se*</span> <span class='ocrx_word' id='word_1_157' title='bbox 754 1989 952 2056; x_wconf 87' lang='lat' dir='ltr'>arbitraretur,</span> <span class='ocrx_word' id='word_1_158' title='bbox 981 1991 1056 2063; x_wconf 92' lang='lat' dir='ltr'>quod</span> 
     </span>
     <span class='ocr_line' id='line_1_23' title="bbox 149 2068 1057 2144; baseline 0.001 -19"><span class='ocrx_word' id='word_1_159' title='bbox 149 2068 225 2143; x_wconf 83' lang='lat' dir='ltr'>apud</span> <span class='ocrx_word' id='word_1_160' title='bbox 240 2086 339 2126; x_wconf 89' lang='lat' dir='ltr'>omnes</span> <span class='ocrx_word' id='word_1_161' title='bbox 359 2080 460 2144; x_wconf 86' lang='lat' dir='ltr'>gentes</span> <span class='ocrx_word' id='word_1_162' title='bbox 474 2080 607 2125; x_wconf 90' lang='lat' dir='ltr'>sanctum</span> <span class='ocrx_word' id='word_1_163' title='bbox 622 2088 684 2124; x_wconf 90' lang='lat' dir='ltr'>esse</span> <span class='ocrx_word' id='word_1_164' title='bbox 700 2077 875 2136; x_wconf 85' lang='lat' dir='ltr'>consuesset,</span> <span class='ocrx_word' id='word_1_165' title='bbox 892 2087 909 2123; x_wconf 88' lang='lat' dir='ltr'>a</span> <span class='ocrx_word' id='word_1_166' title='bbox 935 2078 1057 2142; x_wconf 85' lang='lat' dir='ltr'>tyranno</span> 
     </span>
     <span class='ocr_line' id='line_1_24' title="bbox 148 2146 1055 2221; baseline -0.002 -18"><span class='ocrx_word' id='word_1_167' title='bbox 148 2147 319 2204; x_wconf 87' lang='lat' dir='ltr'>Alexandro</span> <span class='ocrx_word' id='word_1_168' title='bbox 333 2146 451 2203; x_wconf 86' lang='lat' dir='ltr'>Pheraeo</span> <span class='ocrx_word' id='word_1_169' title='bbox 466 2148 552 2203; x_wconf 92' lang='lat' dir='ltr'>simul</span> <span class='ocrx_word' id='word_1_170' title='bbox 569 2166 636 2203; x_wconf 89' lang='lat' dir='ltr'>cum</span> <span class='ocrx_word' id='word_1_171' title='bbox 652 2146 776 2203; x_wconf 89' lang='lat' dir='ltr'>Ismenia</span> <span class='ocrx_word' id='word_1_172' title='bbox 791 2147 1015 2221; x_wconf 89' lang='lat' dir='ltr'>comprehensus</span> <span class='ocrx_word' id='word_1_173' title='bbox 1026 2148 1055 2202; x_wconf 94' lang='lat' dir='ltr'>in</span> 
     </span>
     <span class='ocr_line' id='line_1_25' title="bbox 148 2225 1094 2301; baseline 0.001 -19"><span class='ocrx_word' id='word_1_174' title='bbox 148 2226 268 2282; x_wconf 89' lang='lat' dir='ltr'>vincula</span> <span class='ocrx_word' id='word_1_175' title='bbox 282 2225 430 2300; x_wconf 90' lang='lat' dir='ltr'>conjectus</span> <span class='ocrx_word' id='word_1_176' title='bbox 444 2235 496 2282; x_wconf 87' lang='lat' dir='ltr'>est.</span> <span class='ocrx_word' id='word_1_177' title='bbox 530 2225 619 2282; x_wconf 86' lang='lat' dir='ltr'>Hunc</span> <span class='ocrx_word' id='word_1_178' title='bbox 634 2225 848 2301; x_wconf 88' lang='lat' dir='ltr'>Epaminondas</span> <span class='ocrx_word' id='word_1_179' title='bbox 864 2226 1053 2300; x_wconf 89' lang='lat' dir='ltr'>recuperavit,</span> <span class='ocrx_word' id='word_1_180' title='bbox 1075 2230 1094 2283; x_wconf 83' lang='lat'>2</span> 
     </span>
     <span class='ocr_line' id='line_1_26' title="bbox 148 2303 1055 2378; baseline 0 -19"><span class='ocrx_word' id='word_1_181' title='bbox 148 2303 224 2360; x_wconf 90' lang='lat' dir='ltr'>bello</span> <span class='ocrx_word' id='word_1_182' title='bbox 246 2322 421 2378; x_wconf 89' lang='lat' dir='ltr'>persequens</span> <span class='ocrx_word' id='word_1_183' title='bbox 443 2303 657 2359; x_wconf 88' lang='lat' dir='ltr'>Alexandrum.</span> <span class='ocrx_word' id='word_1_184' title='bbox 700 2303 766 2360; x_wconf 86' lang='lat' dir='ltr'>Post</span> <span class='ocrx_word' id='word_1_185' title='bbox 788 2304 816 2359; x_wconf 92' lang='lat' dir='ltr'>id</span> <span class='ocrx_word' id='word_1_186' title='bbox 842 2304 951 2360; x_wconf 88' lang='lat' dir='ltr'>factum</span> <span class='ocrx_word' id='word_1_187' title='bbox 972 2323 1055 2359; x_wconf 91' lang='lat' dir='ltr'>num-</span> 
     </span>
     <span class='ocr_line' id='line_1_27' title="bbox 148 2381 1053 2457; baseline 0.001 -20"><span class='ocrx_word' id='word_1_188' title='bbox 148 2395 236 2457; x_wconf 90' lang='lat' dir='ltr'>quam</span> <span class='ocrx_word' id='word_1_189' title='bbox 259 2383 283 2438; x_wconf 93' lang='lat' dir='ltr'>is</span> <span class='ocrx_word' id='word_1_190' title='bbox 298 2383 392 2438; x_wconf 90' lang='lat' dir='ltr'>animo</span> <span class='ocrx_word' id='word_1_191' title='bbox 407 2381 518 2456; x_wconf 83' lang='lat' dir='ltr'>placari</span> <span class='ocrx_word' id='word_1_192' title='bbox 533 2383 623 2456; x_wconf 91' lang='lat' dir='ltr'>potuit</span> <span class='ocrx_word' id='word_1_193' title='bbox 644 2383 672 2438; x_wconf 93' lang='lat' dir='ltr'>in</span> <span class='ocrx_word' id='word_1_194' title='bbox 688 2401 765 2449; x_wconf 90' lang='lat' dir='ltr'>eum,</span> <span class='ocrx_word' id='word_1_195' title='bbox 782 2401 869 2456; x_wconf 91' lang='lat' dir='ltr'>aquo</span> <span class='ocrx_word' id='word_1_196' title='bbox 883 2392 946 2438; x_wconf 90' lang='lat' dir='ltr'>erat</span> <span class='ocrx_word' id='word_1_197' title='bbox 968 2383 1053 2438; x_wconf 91' lang='lat' dir='ltr'>viola-</span> 
     </span>
     <span class='ocr_line' id='line_1_28' title="bbox 148 2460 1055 2535; baseline -0.003 -17"><span class='ocrx_word' id='word_1_198' title='bbox 148 2470 205 2518; x_wconf 89' lang='lat' dir='ltr'>tus.</span> <span class='ocrx_word' id='word_1_199' title='bbox 248 2460 347 2534; x_wconf 90' lang='lat' dir='ltr'>ltaque</span> <span class='ocrx_word' id='word_1_200' title='bbox 369 2462 511 2535; x_wconf 90' lang='lat' dir='ltr'>persuasit</span> <span class='ocrx_word' id='word_1_201' title='bbox 526 2461 552 2516; x_wconf 90' lang='lat' dir='ltr'>T</span> <span class='ocrx_word' id='word_1_202' title='bbox 555 2460 683 2528; x_wconf 79' lang='lat' dir='ltr'>bebaniS,</span> <span class='ocrx_word' id='word_1_203' title='bbox 700 2470 731 2516; x_wconf 93' lang='lat' dir='ltr'>ut</span> <span class='ocrx_word' id='word_1_204' title='bbox 746 2460 872 2516; x_wconf 87' lang='lat' dir='ltr'>subsidio</span> <span class='ocrx_word' id='word_1_205' title='bbox 894 2460 1055 2517; x_wconf 85' lang='lat' dir='ltr'>Thessaliae</span> 
     </span>
     <span class='ocr_line' id='line_1_29' title="bbox 149 2537 1093 2614; baseline 0.001 -21"><span class='ocrx_word' id='word_1_206' title='bbox 149 2539 411 2614; x_wconf 86' lang='lat' dir='ltr'>proficiscerentur,</span> <span class='ocrx_word' id='word_1_207' title='bbox 434 2550 631 2613; x_wconf 89' lang='lat' dir='ltr'>tyrannosque</span> <span class='ocrx_word' id='word_1_208' title='bbox 652 2540 716 2614; x_wconf 83' lang='lat' dir='ltr'>ejus</span> <span class='ocrx_word' id='word_1_209' title='bbox 731 2537 918 2612; x_wconf 84' lang='lat' dir='ltr'>expellerent.</span> <span class='ocrx_word' id='word_1_210' title='bbox 961 2538 1054 2612; x_wconf 84' lang='lat' dir='ltr'>Cujus</span> <span class='ocrx_word' id='word_1_211' title='bbox 1075 2542 1093 2594; x_wconf 80' lang='lat'><strong>3</strong></span> 
     </span>
     <span class='ocr_line' id='line_1_30' title="bbox 148 2617 1054 2692; baseline -0.001 -19"><span class='ocrx_word' id='word_1_212' title='bbox 148 2618 217 2675; x_wconf 92' lang='lat' dir='ltr'>belli</span> <span class='ocrx_word' id='word_1_213' title='bbox 244 2636 333 2692; x_wconf 93' lang='lat' dir='ltr'>quum</span> <span class='ocrx_word' id='word_1_214' title='bbox 356 2618 383 2673; x_wconf 91' lang='lat' dir='ltr'>ei</span> <span class='ocrx_word' id='word_1_215' title='bbox 408 2636 523 2673; x_wconf 90' lang='lat' dir='ltr'>summa</span> <span class='ocrx_word' id='word_1_216' title='bbox 537 2628 612 2673; x_wconf 92' lang='lat' dir='ltr'>esset</span> <span class='ocrx_word' id='word_1_217' title='bbox 636 2617 710 2684; x_wconf 88' lang='lat' dir='ltr'>data,</span> <span class='ocrx_word' id='word_1_218' title='bbox 727 2634 818 2687; x_wconf 90' lang='lat' dir='ltr'>eoque</span> <span class='ocrx_word' id='word_1_219' title='bbox 841 2633 909 2671; x_wconf 92' lang='lat' dir='ltr'>cum</span> <span class='ocrx_word' id='word_1_220' title='bbox 924 2617 1054 2672; x_wconf 90' lang='lat' dir='ltr'>exercitu</span> 
     </span>
     <span class='ocr_line' id='line_1_31' title="bbox 148 2692 1053 2772; baseline -0.004 -21"><span class='ocrx_word' id='word_1_221' title='bbox 148 2695 295 2772; x_wconf 83' lang='lat' dir='ltr'>profectus</span> <span class='ocrx_word' id='word_1_222' title='bbox 304 2705 387 2764; x_wconf 88' lang='lat' dir='ltr'>esset,</span> <span class='ocrx_word' id='word_1_223' title='bbox 400 2714 456 2752; x_wconf 92' lang='lat' dir='ltr'>nou</span> <span class='ocrx_word' id='word_1_224' title='bbox 471 2696 620 2763; x_wconf 90' lang='lat' dir='ltr'>dubitavit,</span> <span class='ocrx_word' id='word_1_225' title='bbox 630 2695 715 2751; x_wconf 89' lang='lat' dir='ltr'>simul</span> <span class='ocrx_word' id='word_1_226' title='bbox 729 2713 763 2752; x_wconf 93' lang='lat' dir='ltr'>ac</span> <span class='ocrx_word' id='word_1_227' title='bbox 772 2693 921 2766; x_wconf 88' lang='lat' dir='ltr'>conspexit</span> <span class='ocrx_word' id='word_1_228' title='bbox 936 2692 1053 2762; x_wconf 93' lang='lat' dir='ltr'>bostem,</span> 
     </span>
     <span class='ocr_line' id='line_1_32' title="bbox 148 2769 1094 2850; baseline -0.002 -18"><span class='ocrx_word' id='word_1_229' title='bbox 148 2775 315 2850; x_wconf 86' lang='lat' dir='ltr'>confligere.</span> <span class='ocrx_word' id='word_1_230' title='bbox 351 2772 385 2831; x_wconf 73' lang='lat' dir='ltr'>ln</span> <span class='ocrx_word' id='word_1_231' title='bbox 399 2793 456 2849; x_wconf 90' lang='lat' dir='ltr'>quo</span> <span class='ocrx_word' id='word_1_232' title='bbox 470 2775 572 2849; x_wconf 84' lang='lat' dir='ltr'>proelio</span> <span class='ocrx_word' id='word_1_233' title='bbox 585 2772 786 2830; x_wconf 84' lang='lat' dir='ltr'>Alexandrum</span> <span class='ocrx_word' id='word_1_234' title='bbox 798 2782 829 2828; x_wconf 93' lang='lat' dir='ltr'>ut</span> <span class='ocrx_word' id='word_1_235' title='bbox 844 2769 1053 2841; x_wconf 86' lang='lat' dir='ltr'>animadvertit,</span> <span class='ocrx_word' id='word_1_236' title='bbox 1075 2776 1094 2830; x_wconf 88' lang='lat'>4</span> 
     </span>
     <span class='ocr_line' id='line_1_33' title="bbox 146 2849 1054 2927; baseline -0.002 -19"><span class='ocrx_word' id='word_1_237' title='bbox 146 2853 284 2909; x_wconf 88' lang='lat' dir='ltr'>incensus</span> <span class='ocrx_word' id='word_1_238' title='bbox 309 2853 353 2909; x_wconf 90' lang='lat' dir='ltr'>ira</span> <span class='ocrx_word' id='word_1_239' title='bbox 379 2872 487 2927; x_wconf 90' lang='lat' dir='ltr'>equum</span> <span class='ocrx_word' id='word_1_240' title='bbox 512 2854 542 2908; x_wconf 92' lang='lat' dir='ltr'>in</span> <span class='ocrx_word' id='word_1_241' title='bbox 558 2871 625 2908; x_wconf 92' lang='lat' dir='ltr'>eum</span> <span class='ocrx_word' id='word_1_242' title='bbox 640 2850 803 2918; x_wconf 88' lang='lat' dir='ltr'>concitavit,</span> <span class='ocrx_word' id='word_1_243' title='bbox 827 2849 985 2924; x_wconf 87' lang='lat' dir='ltr'>proculque</span> <span class='ocrx_word' id='word_1_244' title='bbox 1006 2849 1054 2906; x_wconf 92' lang='lat' dir='ltr'>de-</span> 
     </span>
     <span class='ocr_line' id='line_1_34' title="bbox 146 2927 1053 3007; baseline -0.001 -21"><span class='ocrx_word' id='word_1_245' title='bbox 146 2949 265 3007; x_wconf 86' lang='lat' dir='ltr'>gressus</span> <span class='ocrx_word' id='word_1_246' title='bbox 280 2950 296 2987; x_wconf 89' lang='lat' dir='ltr'>a</span> <span class='ocrx_word' id='word_1_247' title='bbox 310 2933 371 2987; x_wconf 85' lang='lat' dir='ltr'>suis</span> <span class='ocrx_word' id='word_1_248' title='bbox 386 2931 518 3005; x_wconf 89' lang='lat' dir='ltr'>conjectu</span> <span class='ocrx_word' id='word_1_249' title='bbox 533 2931 655 2988; x_wconf 88' lang='lat' dir='ltr'>telorum</span> <span class='ocrx_word' id='word_1_250' title='bbox 671 2929 820 2986; x_wconf 90' lang='lat' dir='ltr'>confossus</span> <span class='ocrx_word' id='word_1_251' title='bbox 834 2927 968 2985; x_wconf 90' lang='lat' dir='ltr'>concidit.</span> <span class='ocrx_word' id='word_1_252' title='bbox 1001 2928 1053 2985; x_wconf 80' lang='lat' dir='ltr'>At.</span> 
     </span>
     <span class='ocr_line' id='line_1_35' title="bbox 146 3007 1054 3085; baseline -0.002 -19"><span class='ocrx_word' id='word_1_253' title='bbox 146 3029 203 3085; x_wconf 89' lang='lat' dir='ltr'>que</span> <span class='ocrx_word' id='word_1_254' title='bbox 227 3010 281 3066; x_wconf 88' lang='lat' dir='ltr'>boo</span> <span class='ocrx_word' id='word_1_255' title='bbox 302 3009 430 3066; x_wconf 90' lang='lat' dir='ltr'>secunda</span> <span class='ocrx_word' id='word_1_256' title='bbox 446 3010 566 3066; x_wconf 89' lang='lat' dir='ltr'>victoria</span> <span class='ocrx_word' id='word_1_257' title='bbox 588 3009 708 3065; x_wconf 90' lang='lat' dir='ltr'>accidit:</span> <span class='ocrx_word' id='word_1_258' title='bbox 734 3027 801 3064; x_wconf 87' lang='lat' dir='ltr'>nam</span> <span class='ocrx_word' id='word_1_259' title='bbox 825 3008 885 3083; x_wconf 90' lang='lat' dir='ltr'>jam</span> <span class='ocrx_word' id='word_1_260' title='bbox 909 3007 1054 3064; x_wconf 86' lang='lat' dir='ltr'>inclinatae</span> 
     </span>
     <span class='ocr_line' id='line_1_36' title="bbox 146 3085 1093 3163; baseline -0.001 -18"><span class='ocrx_word' id='word_1_261' title='bbox 146 3099 230 3145; x_wconf 89' lang='lat' dir='ltr'>erant</span> <span class='ocrx_word' id='word_1_262' title='bbox 253 3098 442 3161; x_wconf 87' lang='lat' dir='ltr'>tyrannorum</span> <span class='ocrx_word' id='word_1_263' title='bbox 458 3089 557 3163; x_wconf 84' lang='lat' dir='ltr'>copiae.</span> <span class='ocrx_word' id='word_1_264' title='bbox 600 3087 667 3152; x_wconf 79' lang='lat' dir='ltr'>Quo</span> <span class='ocrx_word' id='word_1_265' title='bbox 692 3086 767 3144; x_wconf 86' lang='lat' dir='ltr'>facto</span> <span class='ocrx_word' id='word_1_266' title='bbox 780 3105 879 3142; x_wconf 87' lang='lat' dir='ltr'>omncs</span> <span class='ocrx_word' id='word_1_267' title='bbox 893 3085 1054 3161; x_wconf 84' lang='lat' dir='ltr'>Thessaliae</span> <span class='ocrx_word' id='word_1_268' title='bbox 1074 3088 1093 3144; x_wconf 76' lang='lat'>5</span> 
     </span>
     <span class='ocr_line' id='line_1_37' title="bbox 145 3165 1055 3240; baseline -0.002 -16"><span class='ocrx_word' id='word_1_269' title='bbox 145 3167 278 3224; x_wconf 90' lang='lat' dir='ltr'>civitates</span> <span class='ocrx_word' id='word_1_270' title='bbox 292 3166 476 3223; x_wconf 88' lang='lat' dir='ltr'>interfectum</span> <span class='ocrx_word' id='word_1_271' title='bbox 491 3166 655 3240; x_wconf 90' lang='lat' dir='ltr'>Pelopidam</span> <span class='ocrx_word' id='word_1_272' title='bbox 670 3167 782 3221; x_wconf 88' lang='lat' dir='ltr'>coronis</span> <span class='ocrx_word' id='word_1_273' title='bbox 797 3165 892 3221; x_wconf 89' lang='lat' dir='ltr'>aureis</span> <span class='ocrx_word' id='word_1_274' title='bbox 906 3175 934 3222; x_wconf 86' lang='lat' dir='ltr'>et</span> <span class='ocrx_word' id='word_1_275' title='bbox 953 3165 1055 3222; x_wconf 84' lang='lat' dir='ltr'>statuis</span> 
     </span>
     <span class='ocr_line' id='line_1_38' title="bbox 145 3244 855 3323; baseline -0.003 -22"><span class='ocrx_word' id='word_1_276' title='bbox 145 3247 243 3315; x_wconf 83' lang='lat' dir='ltr'>aeneis,</span> <span class='ocrx_word' id='word_1_277' title='bbox 259 3246 421 3322; x_wconf 86' lang='lat' dir='ltr'>liberosque</span> <span class='ocrx_word' id='word_1_278' title='bbox 437 3245 500 3319; x_wconf 85' lang='lat' dir='ltr'>ejus</span> <span class='ocrx_word' id='word_1_279' title='bbox 516 3245 606 3300; x_wconf 90' lang='lat' dir='ltr'>multo</span> <span class='ocrx_word' id='word_1_280' title='bbox 620 3263 690 3323; x_wconf 87' lang='lat' dir='ltr'>agro</span> <span class='ocrx_word' id='word_1_281' title='bbox 704 3244 855 3300; x_wconf 90' lang='lat' dir='ltr'>donarunt.</span> 
     </span>
    </p>
   </div>
   <div class='ocr_carea' id='block_1_3' title="bbox 0 0 1242 4080">
    <p class='ocr_par' dir='ltr' id='par_1_5' title="bbox 0 0 1242 4080">
     <span class='ocr_line' id='line_1_39' title="bbox 0 0 1242 4080; baseline 0 2"><span class='ocrx_word' id='word_1_282' title='bbox 0 0 1242 4080; x_wconf 95' lang='lat' dir='ltr'> </span> 
     </span>
    </p>
   </div>
  </div>
 </body>
</html>
