2474 4080
184 276 224 334 10
456 270 482 333 1.
505 279 535 347 2,
551 276 580 333 3.
626 262 825 350 (Miltiades.)

141 416 282 475 diutura.
325 415 392 473 Hoc
416 416 525 473 oraculi
549 435 690 491 responso
714 415 863 474 Miltiades
884 434 949 473 cum
968 415 1081 472 delecta

181 513 267 551 manu
283 494 380 550 classe
396 494 613 551 Chersonesum
633 494 778 568 profectus
797 512 883 568 quum
905 495 1083 551 accessisset
1144 501 1148 508 '

183 572 332 640 Lemnum,
344 582 373 629 et
383 572 494 629 incolas
507 574 569 648 ejus
581 572 684 629 insulae
697 575 750 629 sub
764 583 936 647 potestatem
949 574 1082 647 redigere

182 651 273 707 vellet
287 649 517 720 Atheniensium,
532 651 617 725 idque
633 651 747 708 Lemnii
761 670 815 708 sua
828 661 930 726 sponte
945 650 1083 720 facerent,

144 735 162 786 5
183 729 375 804 postulasset:
398 728 441 785 illi
456 729 608 787 irridentes
622 730 840 805 responderunt,
854 740 915 785 turn
927 729 957 785 id
972 749 1004 785 se
1025 729 1083 784 fac·

183 818 271 875 turoS,
286 826 372 880 quum
387 806 448 877 ille,
461 808 546 866 domo
559 808 681 865 navibus
700 809 890 883 proficiscens
903 818 991 864 vento
1007 808 1085 880 aqui·

184 886 260 953 lone,
274 885 406 942 venisset
424 885 574 943 Lemnum.
616 886 675 943 Hic
696 886 772 943 enim
786 898 899 955 ventus,
914 887 949 941 ab
969 898 1085 960 septen·

183 964 321 1020 trionibus
341 965 447 1034 oriens,
466 966 616 1021 adversum
635 975 715 1021 tenet
733 963 857 1022 Athenis
876 963 1085 1039 proficiscenti·

146 1046 164 1099 6
185 1044 248 1098 bus.
290 1042 448 1110 Miltiades,
470 1042 599 1099 morandi
620 1054 733 1119 tempus
756 1062 813 1099 non
834 1043 955 1112 habens,
970 1061 1086 1098 cursum

185 1119 298 1189 direxit,
313 1138 368 1193 quo
383 1120 526 1191 tendebat,
540 1122 728 1197 pervenitque
744 1122 970 1178 Chersonesum.

148 1202 163 1255 1
225 1199 266 1255 ll.
288 1199 333 1255 Ibi
344 1198 424 1254 brevi
435 1209 562 1274 ternpore
576 1202 759 1257 barbarorum
770 1199 863 1275 copiis
875 1199 1016 1274 disjectis,
1027 1208 1086 1255 tota

185 1277 314 1351 regione,
323 1295 407 1350 quam
418 1276 547 1351 petierat,
555 1279 671 1353 potitus,
682 1279 748 1335 loca
757 1279 886 1334 castellis
896 1278 1001 1334 idonea
1010 1295 1086 1333 com·

185 1355 313 1424 munivit,
336 1355 553 1426 multitudinem,
577 1376 662 1430 quam
685 1376 786 1413 secum
807 1357 934 1424 duxerat,
956 1356 986 1411 in
1007 1356 1085 1430 agris

147 1438 165 1490 2
188 1433 350 1502 collocavit,
361 1432 524 1507 crebrisque
535 1436 753 1491 excursionibus
763 1434 959 1509 locupletavit.
982 1434 1086 1506 Neque

186 1512 280 1567 minus
301 1512 331 1566 in
353 1530 388 1568 ea
405 1530 437 1567 re
459 1513 616 1585 prudentia,
631 1532 714 1586 quem
736 1513 884 1579 felicitate,
899 1513 1010 1587 adjutus
1032 1522 1086 1568 cst.

188 1590 264 1646 Nam
278 1608 363 1663 quum
373 1590 476 1645 virtute
490 1590 610 1646 militum
623 1591 748 1647 hostium
759 1591 917 1647 devicisset
932 1591 1086 1659 exercitus,

187 1687 297 1724 summa
309 1668 439 1742 aequitate
450 1687 497 1724 res
510 1669 663 1739 constituit,
675 1680 758 1743 atque
774 1669 837 1744 ipsc
853 1670 960 1726 ibidem
970 1688 1086 1725 manere

149 1750 166 1802 3
189 1746 326 1802 decrevit.
369 1746 441 1803 Erat
455 1746 532 1803 enirn
545 1747 619 1803 inter
634 1767 685 1805 eos
700 1749 838 1823 dignitate
853 1749 943 1823 regia,
957 1747 1086 1821 quamvis

189 1826 305 1881 carebat
318 1825 452 1893 nomine;
472 1844 566 1898 neque
578 1826 607 1883 id
622 1827 713 1903 magis
728 1828 857 1903 imperio,
869 1846 953 1901 quam
967 1825 1087 1900 justitia,

190 1915 373 1961 consecutus.
415 1904 519 1977 Neque
535 1923 569 1960 eo
590 1906 687 1963 secius
702 1906 939 1973 Atheniensibus,
955 1924 971 1959 a
985 1904 1087 1977 quibus

112 2006 115 2013 ·
190 1994 250 2038 erat
268 1983 423 2057 profectus,
438 1983 533 2039 officia
552 1987 711 2057 praestabat.
754 1986 866 2051 Quibus
887 1985 972 2039 rebus
993 1982 1087 2051 fiebat,

189 2072 289 2117 utnon
308 2062 402 2118 minus
420 2080 519 2117 eorum
534 2062 675 2120 voluntate
696 2076 834 2138 perpetuo
853 2062 1002 2137 imperium
1017 2061 1088 2116 obti-

188 2151 280 2207 neret,
295 2140 343 2211 qui
357 2138 503 2207 miserant,
518 2157 602 2211 quam
615 2141 736 2210 illorum,
751 2160 816 2197 cum
830 2142 932 2214 quibus
948 2152 1008 2196 erat
1024 2158 1088 2214 pro·

150 2220 170 2273 4
190 2215 293 2271 sectus.
317 2215 503 2272 Chersoneso
513 2216 564 2271 tali
575 2218 657 2274 modo
669 2218 830 2287 constituta,
841 2219 982 2275 Lemnum
993 2236 1088 2275 rever-

189 2294 265 2362 titur,
280 2303 309 2348 et
330 2312 368 2350 ex
388 2304 473 2367 pacto
494 2294 627 2368 postulat,
641 2306 670 2350 ut
689 2295 746 2353 sibi
763 2298 861 2352 urbem
879 2297 999 2353 tradunt.
1040 2295 1088 2353 llli

190 2372 268 2429 enim
289 2372 429 2441 dixerant,
450 2390 544 2444 quum,
560 2383 646 2429 vento
666 2372 753 2431 borea
772 2375 855 2431 domo
876 2374 1031 2449 profectus,
1053 2394 1088 2431 eo

211 2450 381 2519 ervenisset,
390 2469 459 2507 sese
469 2449 629 2519 dedituros;
645 2471 678 2508 se
688 2454 903 2511 autemdomum
910 2452 1089 2511 Chersonesi

152 2470 309 2585 5babere.
352 2529 454 2600 Cares,
467 2529 517 2604 qui
531 2541 590 2586 tum
604 2529 744 2587 Lemnum
756 2533 929 2603 incolebant,
944 2531 1000 2589 etsi
1018 2551 1089 2608 prae·
1152 2584 1157 2594 .

190 2617 236 2665 ter
262 2607 427 2681 opinionem
453 2628 502 2666 res
530 2609 686 2680 ceciderat,
708 2620 813 2683 tamen,
838 2631 897 2670 non
925 2612 1011 2681 dicto,
1036 2609 1090 2667 sed

192 2687 321 2743 secunda
339 2687 450 2745 fortuna
464 2689 692 2746 adversariorum
706 2690 790 2765 capti,
803 2693 940 2749 resistere
955 2691 1019 2747 ausi
1033 2707 1090 2745 non

192 2777 258 2821 sunt
269 2778 351 2840 utque
364 2786 401 2824 ex
411 2768 506 2823 insula
517 2768 719 2843 demigrarunt.
749 2768 817 2825 Pari
826 2770 964 2826 felicitate
977 2780 1089 2824 ceteras

192 2844 312 2911 insulas,
335 2864 396 2917 quae
419 2845 565 2918 Cyclades
588 2846 778 2913 nominantur,
797 2848 849 2901 sub
867 2845 1091 2903 Atheniensium

192 2921 304 2994 redegit
319 2931 499 2995 potestatem.

156 3003 170 3057 1
213 2997 271 3055 Ill.
312 2997 435 3055 Eisdem
459 2996 633 3072 temporibus
659 2998 814 3055 Persarum
836 3014 889 3053 rex
911 2996 1028 3066 Darius,
1053 3014 1090 3053 ex

214 3110 252 3150 su
313 3075 386 3133 Asia
412 3076 443 3132 in
476 3076 623 3148 Europam
656 3075 786 3132 exercitu
814 3074 942 3149 trajecto,
970 3075 1089 3150 Scythis

191 3160 275 3199 acm.
311 3155 420 3211 bellum
433 3154 538 3210 inlerre
553 3152 691 3209 decrevit.
726 3152 849 3211 Pontem
863 3151 932 3210 fecit
945 3152 975 3211 iu
989 3154 1090 3211 Histro

192 3233 319 3302 flumine,
347 3252 403 3307 qua
433 3231 533 3307 copias
565 3232 737 3288 traduceret.
788 3230 862 3309 Ejus
889 3232 994 3307 pontis,
1024 3233 1091 3288 dum

194 3312 258 3389 ipse
280 3313 406 3381 abesset,
428 3310 564 3367 custodes
586 3309 702 3383 reliquit
722 3308 881 3387 principes,
897 3328 969 3383 quos
991 3330 1092 3368 secum

195 3410 233 3448 ex
253 3390 336 3448 Ionia
357 3400 385 3446 et
398 3389 517 3446 AEolide
539 3388 676 3457 duxerat;
697 3388 800 3463 quibus
821 3388 944 3464 singulis
965 3388 1092 3464 ipsarum

154 3474 174 3527 2
195 3468 306 3526 urbium
325 3478 465 3543 perpetua
478 3467 596 3524 dederat
612 3466 742 3543 imperia.
784 3467 836 3524 Sic
857 3467 935 3523 enim
954 3466 1091 3524 facillime

193 3547 305 3623 putarit
327 3566 361 3604 se
387 3544 490 3603 Graeca
513 3546 612 3621 lingui
634 3546 796 3619 loquentes,
818 3546 867 3619 qui
889 3546 990 3602 Asiam
1014 3545 1093 3601 inco·

193 3628 296 3695 lereut,
320 3626 374 3681 sub
397 3642 451 3681 sua
477 3634 653 3681 retenturum
677 3634 829 3699 potestate,
854 3624 881 3680 si
905 3622 1007 3679 amicis
1031 3623 1093 3679 auis
