2474 4080
238 264 349 332 XXV.
396 272 507 341 19,20.
553 263 606 349 (Τ.
619 263 1063 347 PompoorasAtticua.)10't

152 420 286 479 virorum
307 422 480 497 propagines
503 419 645 494 possimus
670 436 855 494 cognoscere.
905 417 988 475 Fecit
1011 418 1105 476 boob

150 494 399 574 idem'separatim
414 502 444 556 in
459 500 525 557 aliis
539 497 637 554 libris:
660 506 691 552 ut
706 495 748 552 M.
765 497 849 553 Bruti
864 507 967 573 rogatu
981 496 1063 554 Juni-

149 596 199 635 am
214 575 354 634 familiam
369 580 485 654 astirpe
494 575 530 633 ad
545 576 620 632 hauc
630 585 743 632 aetatem
757 575 857 632 ordine
868 577 1063 644 enumeravit,

151 666 264 725 notans,
279 656 340 731 qui,
356 675 374 712 a
396 676 453 732 quc
467 667 555 723 ortus,
571 673 644 729 quos
663 654 792 723 honores,
807 654 970 729 quibusque
994 664 1063 711 tem-

149 734 268 811 poribus
282 734 416 809 cepisset.
460 735 528 793 Pari
551 732 633 789 modo
649 730 783 787 Marcelli
797 732 922 802 Claudii,
940 732 1063 790 Marcel·
1084 736 1104 789 4

149 814 266 884 lorum,
289 813 432 888 Scipionis
453 812 580 870 Cornelii
601 821 629 866 et
651 810 735 866 Fabii
761 809 891 879 Maximi,
907 810 1063 868 Fabiorum

149 901 180 947 et
204 890 390 948 AEmiliorum
410 910 543 968 quoque:
565 889 671 963 quibus
696 888 777 945 libris
790 889 861 945 nihil
886 900 976 965 potest
1000 908 1063 946 esse

150 968 269 1026 dulcius
283 970 327 1038 iis,
342 971 393 1045 qui
416 971 543 1046 aliquam
559 967 746 1043 cupiditatem
761 968 867 1024 habent
882 968 990 1024 notitiae
1004 967 1063 1024 cla-

152 1065 252 1105 rorum
277 1049 415 1106 virorum.
459 1048 566 1123 Attigit
590 1065 705 1121 quoque
729 1047 877 1121 poeticen:
907 1046 1062 1114 credimus,
1085 1048 1103 1100 5

150 1144 187 1183 ne
202 1125 266 1200 ejus
279 1145 383 1202 expers
397 1137 473 1184 esset
493 1125 654 1182 suavitatis.
697 1124 836 1199 Namque
852 1126 990 1192 versibus,
1013 1127 1064 1199 qui

149 1204 257 1261 honore
273 1223 428 1281 rerumque
444 1216 591 1282 gestarum
606 1203 794 1278 amplitudine
810 1214 922 1260 ceteros
940 1204 1062 1261 Romani

149 1283 247 1359 populi
262 1286 465 1358 praestiterunt,
475 1284 607 1359 exposuit
621 1284 669 1350 ita,
686 1293 717 1338 ut
730 1282 784 1337 sub
795 1283 975 1358 singulorum
991 1283 1060 1338 ima·
1082 1286 1101 1339 6

148 1362 266 1437 ginibus
292 1361 369 1420 saeta
390 1364 634 1440 magistratusque
649 1379 749 1418 eorum
775 1378 830 1417 non
846 1362 970 1437 amplius
992 1380 1061 1436 qua-

148 1440 238 1497 ternis
258 1441 391 1515 quinisve
406 1441 538 1498 versibus
559 1439 759 1515 descripserit:
782 1439 856 1514 quod
873 1442 920 1496 vix
943 1441 1061 1496 creden·

148 1516 219 1574 dum
233 1518 279 1588 sit,
295 1530 390 1576 tantas
404 1538 451 1577 res
465 1531 524 1576 tam
539 1519 664 1575 breviter
679 1519 803 1593 potuisse
819 1517 972 1575 declarari.
1007 1517 1061 1574 Est

148 1597 237 1653 etiam
259 1616 335 1654 unus
356 1599 439 1668 liber,
455 1599 560 1655 Graece
580 1596 738 1666 confectus,
754 1597 789 1654 de
804 1598 957 1654 consulatu
979 1597 1061 1653 Cice-

149 1690 238 1732 roms.

189 1740 272 1811 xlx.
296 1752 447 1813 Hactenus
465 1756 561 1812 Attico
575 1755 642 1811 vivo
656 1752 732 1810 edita
747 1752 838 1828 [haec]
857 1755 969 1810 anobis
983 1764 1060 1811 sunt.
1083 1758 1098 1811 1

148 1830 249 1901 Nunc,
273 1835 410 1909 quoniam
433 1834 547 1892 fortuna
570 1853 621 1890 nos
644 1833 811 1908 superstites
825 1833 852 1888 ei
875 1852 938 1889 esse
962 1833 1060 1902 voluit,

148 1911 263 1987 reliqua
284 1931 500 1988 persequemur,
526 1921 563 1981 et,
585 1922 726 1987 quantum
749 1912 935 1986 potuerimus,
963 1929 1060 1967 rerum

148 1991 289 2066 exemplis
303 1991 425 2048 lectores
438 1991 614 2059 docebimus,
629 1991 705 2047 sicut
719 2009 806 2064 supra
821 1989 1059 2065 significavimus

147 2086 216 2125 suos
246 2070 353 2143 cuique
381 2089 476 2127 mores
511 2071 682 2146 plerumqu'e
711 2069 867 2125 conciliare
904 2068 1058 2125 fortunam.

148 2145 286 2221 Namque
306 2148 353 2205 hic
375 2159 526 2206 contentus
546 2148 645 2206 ordine
665 2149 801 2222 equestri,
817 2167 873 2221 quo
888 2159 950 2205 erat
970 2162 1058 2217 ortus,
1081 2153 1100 2205 2

147 2224 179 2281 in
193 2224 361 2285 affinitatem
377 2228 507 2303 pervenit
522 2228 700 2302 imperatoris
715 2227 783 2284 Divi
798 2228 868 2285 filii:
890 2247 980 2302 quum
997 2226 1059 2302 jam

148 2314 216 2360 ante
231 2303 455 2362 familiaritatem
471 2307 535 2381 ejus
549 2316 625 2363 esset
649 2318 824 2365 consecutus
848 2307 930 2362 nulla
945 2308 1003 2363 alia
1018 2325 1058 2375 re,

147 2399 238 2456 quam
252 2383 396 2459 elegantia
411 2385 485 2453 vitae,
500 2404 559 2459 qua
573 2395 684 2442 ceteros
698 2396 816 2461 ceperat
830 2387 974 2461 principes
989 2386 1059 2442 civi-

148 2460 224 2528 tatis,
249 2460 387 2538 dignitate
413 2464 485 2538 pari,
512 2462 625 2520 fortuna
650 2464 813 2522 humiliore.
861 2463 958 2520 Tanta
981 2464 1058 2519 enim
1080 2467 1099 2520 3

168 2541 321 2614 rosperitas
335 2540 480 2598 Caesarem
495 2551 538 2599 est
559 2554 723 2610 consecuta,
740 2553 770 2598 ut
793 2542 864 2597 nihil
890 2543 916 2598 ei
939 2560 995 2598 non
1011 2543 1058 2598 tri-

148 2556 245 2674 buerit
259 2616 382 2688 fortuna,
397 2619 471 2694 quod
487 2622 624 2696 cuiquam
640 2631 705 2676 ante
720 2620 864 2687 detulerit,
879 2629 907 2676 et
922 2620 1058 2676 concilia-

149 2695 195 2764 rit,
209 2696 286 2772 quod
310 2716 395 2755 nemo
416 2698 512 2756 adhuc
527 2700 600 2756 civis
623 2698 771 2754 Romanus
794 2698 886 2772 quivit
909 2698 1057 2771 consequi.

150 2772 229 2831 Nata
243 2784 285 2832 est
305 2787 401 2833 autem
417 2778 516 2834 Attico
536 2779 629 2853 neptis
643 2796 679 2833 ex
696 2778 836 2853 Agrippa,
852 2775 901 2832 oui
916 2775 1059 2851 virginem
1079 2780 1099 2833 4

147 2851 239 2909 filiam
254 2854 420 2912 collocarat.
458 2855 544 2913 Hane
558 2856 667 2925 Caesar,
682 2858 731 2912 vix
747 2855 924 2924 anniculam,
940 2853 1059 2912 Tiberio

145 2929 271 2988 Claudio
286 2932 406 3004 Neroni,
422 2933 554 2991 Drusilla
571 2945 646 3004 nato,
670 2936 803 3011 privigno
817 2953 877 3003 suc,
893 2933 1057 3009 despondit:

146 3027 213 3084 quae
227 3011 393 3086 conjunctio
407 3013 651 3079 necessitudinem
665 3033 766 3071 eorum
787 3014 892 3083 sanxit,
909 3013 1057 3070 familiari-

146 3097 234 3144 tatem
251 3089 372 3147 reddidit
387 3090 620 3167 frequentiorem.

187 3165 254 3223 XX.
278 3167 421 3232 Quamvis
443 3181 508 3227 ante
530 3170 591 3227 haec
612 3171 756 3246 sponsalia
778 3188 834 3228 non
849 3171 951 3239 solum,
967 3188 1058 3245 quum
1080 3174 1095 3227 1

147 3244 183 3299 ab
198 3246 270 3302 urbe
287 3246 408 3317 abesset,
424 3267 582 3324 numquam
598 3249 633 3304 ad
654 3267 773 3305 suorum
787 3268 963 3324 quemquam
983 3249 1056 3306 litte-

146 3340 194 3378 ras
209 3324 295 3392 mislt,
320 3326 390 3399 quin
416 3327 514 3384 Attico
537 3328 670 3396 mitteret,
685 3327 753 3401 quid
776 3338 883 3403 ageret,
906 3328 1056 3402 imprimis,

146 3401 214 3474 quid
231 3403 350 3478 legeret,
366 3407 528 3480 quibusque
543 3406 572 3461 in
587 3405 667 3474 locis,
682 3417 711 3462 et
736 3424 823 3480 quam
845 3405 895 3462 diu
909 3415 984 3461 esset
998 3423 1055 3460 mo·

147 3489 280 3536 raturus:
303 3481 353 3538 sed
374 3484 471 3552 etiam,
487 3503 577 3559 quum
589 3494 664 3540 esset
677 3485 707 3540 in
722 3484 803 3552 urbe,
818 3493 846 3539 et
861 3492 975 3559 propter
988 3500 1057 3537 suas
1077 3484 1096 3537 2
1160 3486 1161 3490 ’

146 3555 274 3616 infinitas
296 3563 500 3637 occupationes
520 3563 616 3619 minus
632 3580 718 3637 saepe,
732 3579 821 3637 quam
835 3560 934 3626 vellet,
958 3558 1056 3616 Attico

148 3630 302 3707 frueretur,
328 3640 428 3698 nullus
449 3640 511 3698 dies
531 3649 640 3697 temere
665 3639 836 3706 intercessit,
849 3640 918 3710 'quo
938 3652 995 3693 non
1019 3635 1056 3694 ad
