2474 4080
407 263 480 327 VII.
527 265 740 345 (Alcibiades.)
980 271 1022 329 29

124 411 215 469 oratio
234 410 343 467 indicio
364 411 423 479 luit,
438 431 498 485 quae
519 424 583 486 post
604 425 720 470 mortem
741 415 771 469 in
794 412 877 469 domo
899 413 961 488 ejus
981 431 1024 469 re·

123 502 205 566 perta
221 501 274 558 est,
289 490 317 545 in
332 509 387 562 qua
408 491 509 545 suadet
524 491 758 557 Lacedaemoniis,
775 502 812 558 ut,
829 492 909 564 regia
924 504 1025 565 'potes-

123 580 183 624 tate
198 568 345 635 dissoluta,
361 587 398 623 ex
412 570 541 624 omnibus
557 569 614 625 dux
636 569 774 642 deligatur
795 570 831 625 ad
850 570 954 624 bellum
976 589 1025 644 ge·

123 647 244 702 rendum
257 667 264 712 ;
287 647 338 701 sed
353 646 392 701 ita
406 647 521 720 scripta,
537 660 566 701 ut
580 648 695 702 deorum
710 649 853 703 videretur
867 666 1023 721 congruere

124 725 284 793 sententie,
299 743 381 797 quarn
402 725 450 779 ille
470 743 502 780 se
522 725 689 792 habitururn,
704 727 827 798 pecunia
848 726 947 793 fidens,
969 743 1025 782 non

124 802 279 858 dubitabat.
328 801 414 858 Hanc
439 803 468 858 ei
490 804 642 878 scripsisse
667 804 758 859 Cleon
782 803 1025 859 Halicarnasseus

124 881 238 937 dicitur.

93 1020 97 1029 ,
167 958 220 1014 IV.
244 958 337 1030 Atque
359 957 415 1014 hoc
438 959 503 1014 loco
525 977 581 1014 non
605 970 648 1015 est
669 959 895 1033 pratereundum
918 958 1026 1015 factum
1048 964 1061 1018 1

58 1004 101 1092 ..ὅ
126 1036 317 1103 Pharnabazi,
333 1037 454 1110 satrapis
470 1037 550 1110 regii.
593 1038 669 1092 Nam
684 1056 768 1109 qunnr
785 1037 935 1111 Lysander
955 1056 1025 1111 prae·

125 1115 219 1171 sectus
234 1115 339 1170 classis
355 1116 382 1169 in
398 1115 473 1170 bello
485 1115 571 1170 multa
584 1117 735 1170 crudeliter
747 1133 885 1188 avareque
897 1115 1026 1185 lecisset,

126 1193 218 1266 deque
233 1193 279 1247 his
293 1194 378 1248 rebus
394 1193 586 1265 suspicaretur
603 1194 638 1248 ad
657 1195 736 1249 cives
757 1212 825 1249 suos
847 1212 912 1249 esse
935 1194 1026 1266 perla-

124 1280 194 1339 tum,
208 1272 288 1345 petiit
300 1290 316 1325 a
330 1271 525 1339 Pharnabazo,
540 1281 569 1326 ut
585 1272 619 1326 ad
632 1272 753 1346 ephoros
766 1272 820 1326 sibi
834 1272 1027 1328 testimonium
1043 1280 1056 1293 “

126 1349 216 1416 daret,
231 1360 334 1421 quanta
347 1349 499 1405 sanctitate
515 1350 618 1405 bellum
633 1351 774 1423 gessisset
788 1351 939 1421 sociosque
953 1360 1026 1405 trac-

125 1436 225 1494 tasset,
241 1428 332 1499 deque
354 1447 389 1482 ea
410 1445 440 1482 re
462 1439 593 1484 accurate
615 1429 772 1484 scriberet:
795 1446 928 1500 magnam
950 1428 1026 1484 eninr

127 1506 190 1579 ejus
204 1507 399 1561 auctoritatem
414 1505 444 1561 in
458 1525 493 1561 ea
508 1525 537 1561 re
550 1507 678 1562 suturam.
721 1507 798 1561 Huic
812 1506 858 1560 ille
872 1505 1026 1561 liberaliter
1045 1509 1064 1561 2

126 1584 294 1658 pollicetur;
316 1584 417 1639 librum
432 1603 548 1655 gravem
568 1585 661 1640 inultis
680 1585 774 1639 verbis
796 1584 975 1656 conscripsit,
996 1584 1026 1639 in

126 1680 181 1736 quo
196 1663 313 1717 summis
335 1680 400 1717 eum
424 1662 478 1717 sert
500 1663 639 1718 laudibus.
683 1662 776 1727 Quem
799 1680 883 1734 quum
907 1662 1026 1734 legisset

125 1741 338 1814 probassetque‚
360 1740 426 1795 dum
449 1740 582 1814 signatur,
604 1741 720 1796 alterum
742 1741 801 1814 pari
824 1740 1025 1813 magnitudine,

88 1874 92 1880 ,
128 1818 218 1894 [tanta
244 1817 451 1892 similitudine,]
475 1829 504 1873 ut
526 1819 651 1874 discerni
674 1837 730 1873 non
755 1828 862 1890 posset,
886 1818 1026 1890 signatum

126 1896 256 1971 subjecit,
266 1897 295 1951 in
304 1915 359 1968 quo
368 1897 585 1952 accuratissime
596 1899 657 1970 ejus
667 1896 813 1951 avaritiam
824 1896 1026 1969 perfidiamque

126 1987 283 2030 accusarat.
326 1975 403 2029 Hinc
418 1975 569 2048 Lysander
583 1975 694 2030 dornurn
709 1992 794 2046 quum
808 1973 939 2039 redisset,
951 1983 1026 2045 post·
1048 1975 1065 2028 3

125 2071 208 2126 quam
224 2052 259 2108 de
276 2053 336 2108 suis
350 2054 435 2108 rebus
450 2053 539 2126 gestis
555 2054 636 2142 apud
650 2053 802 2108 maximum
823 2051 1026 2124 magistratum,

125 2149 187 2204 quae
203 2131 336 2199 voluerat,
352 2131 495 2199 dixerat,t
485 2132 638 2187 testimonii
658 2132 723 2186 loco
742 2131 842 2185 librum
862 2149 878 2184 a
898 2128 1027 2184 Pharna-

84 2211 197 2315 bezo
219 2208 313 2264 datum
334 2209 456 2264 tradidit.
500 2209 596 2277 Hunc,
612 2221 750 2265 summoto
768 2207 928 2283 Lysandro,
942 2224 1027 2279 quum

84 2266 226 2361 ephori
252 2298 433 2360 cognossent,
459 2288 514 2361 ipsi
540 2289 692 2362 legendnm
717 2287 864 2344 dederunt.
907 2286 951 2342 Ita
976 2284 1026 2341 ille

124 2364 313 2446 imprudens'
306 2384 369 2440 lpse
385 2384 453 2421 suus
469 2366 521 2421 suit
535 2378 695 2422 accusator

474 2547 723 2558 -—-—-————-

307 2676 416 2751 VII.
467 2672 891 2748 ALCIBIADES.

307 2828 328 2865 4
542 2833 661 2846 ...-

440 2935 754 2993 ARGUMENTUM.

128 3069 224 3127 CAP.
241 3071 266 3128 I.
290 3071 438 3126 Excellens
458 3072 488 3125 ιἰι
509 3070 657 3126 virtutibus
677 3081 703 3126 et
717 3071 803 3124 vitiis.
844 3067 888 3125 II.
910 3067 1028 3124 Juvertis

164 3150 288 3205 educatio
303 3160 328 3204 et
343 3168 440 3203 meree.
482 3147 544 3203 III.
566 3147 633 3202 Dux
647 3159 741 3203 contro
758 3147 960 3221 Syracusanos.
991 3144 1027 3202 Irr

164 3230 345 3302 suspicionem
360 3229 459 3281 civium
473 3246 583 3281 suorum
597 3227 703 3280 incidit.
744 3224 763 3280 I
766 3225 799 3279 V.
821 3223 939 3279 Domum
952 3243 1025 3278 revo-

165 3317 209 3360 cat
210 3326 245 3361 us
254 3304 375 3380 aufugit
398 3304 635 3359 Locedaenrortus
625 3313 748 3369 inservi
759 3312 838 3376 que
847 3322 924 3356 arma
933 3312 1027 3356 contro

162 3394 212 3458 pot
214 3386 284 3438 riam
309 3385 391 3457 capit.
446 3383 479 3437 V.
514 3381 729 3436 Lacedremoaiis
755 3391 899 3455 suspectus
924 3381 1026 3434 transit

165 3461 202 3516 ad
215 3461 343 3526 Persas;
365 3463 406 3515 At
396 3460 581 3531 tbeaieasibus
595 3457 794 3514 reconcilietur.
840 3456 891 3511 VI.
914 3456 1027 3530 Insigni

165 3541 263 3595 civium
275 3539 458 3595 benevolentia
468 3539 607 3612 recipitur.
643 3534 712 3590 VII.
727 3534 763 3590 Ia
774 3534 907 3589 invidiam
920 3533 1026 3588 recidit.

165 3616 201 3674 Ιιι
219 3617 349 3674 Tlrrocia
355 3635 487 3691 prospere
505 3625 622 3748 pugr3aot.
676 3611 764 3668 VIII
791 3611 907 3666 Civibus
920 3611 1028 3666 Atticis
