2474 4080
182 318 224 376 82
437 305 512 370 XX.
558 313 586 369 1.
633 303 830 389 (Timoleon.)

180 461 272 530 samae,
297 459 389 517 atatis
407 459 630 529 misererentur;
655 457 773 532 plurimi
793 474 862 512 vero
886 457 931 514 ira
956 474 1079 517 exacue·

178 550 279 595 rentur
292 548 406 614 propter
421 536 584 611 proditionis
605 536 796 609 suspicionem
817 534 931 605 Piraeei,
946 537 1083 595 maxime·

179 635 244 691 que,
260 616 334 691 quod
349 616 487 671 adversus
509 614 605 688 populi
620 611 769 669 commoda
793 613 822 668 in
837 624 986 671 senectute
1000 624 1083 671 stete-

139 700 158 751 2
179 706 233 751 rat.
256 694 324 758 Qua
338 693 378 763 de¹
389 711 420 749 re
432 711 468 763 ne
483 691 634 767 perorandi
645 689 761 764 quidem
772 691 799 746 ei
813 690 881 746 data
891 701 935 747 est
950 691 1082 761 facultas,

178 782 206 829 et
227 771 339 828 dicendi
354 788 484 839 causam.
527 768 596 825 Inde
617 767 733 842 judicio,
755 767 891 842 legitimis
910 768 1082 843 quibusdam

81 901 83 906 .
179 849 326 920 confectis,
347 848 508 915 damnatus,
523 845 644 902 traditus
665 855 708 901 est
727 845 861 901 undecim
877 846 956 914 viris,
978 847 1082 921 quibus

179 927 213 983 ad
229 928 402 1003 supplicium
411 944 490 981 more
502 924 725 980 Atheniensium
741 923 857 997 publice
868 923 997 980 damnati
1011 924 1082 981 tradi
1102 920 1110 941 ⁸

139 1009 158 1062 3
179 1006 279 1061 solent.
322 1004 380 1059 Hic
394 1020 484 1077 quum
500 1002 534 1058 ad
551 1012 669 1057 mortem
685 1000 850 1069 duceretur,
865 1001 968 1057 obvius
981 1002 1009 1058 ei
1030 1000 1082 1058 fuit

179 1082 381 1155 Emphyletus,
396 1098 453 1154 quc
468 1078 648 1135 familiariter
663 1077 758 1134 fuerat
773 1096 852 1134 usus.
895 1078 925 1135 ls
938 1097 1029 1153 quum
1042 1078 1081 1135 la·

178 1160 305 1216 crimans
324 1157 458 1213 dixisset:
480 1175 591 1230 uquam
614 1158 732 1229 indigna
747 1159 910 1228 preparent,
933 1154 1081 1227 Phocion!

178 1237 246 1292 huic
260 1236 319 1303 ille,
334 1244 363 1292 at
377 1253 430 1290 non
444 1236 593 1306 inopinata,
610 1235 719 1308 inquit:
740 1235 811 1290 hunc
825 1237 898 1291 enim
911 1237 1012 1291 exitum
1024 1235 1080 1307 ple·

138 1318 157 1371 4
178 1316 256 1386 rique
271 1315 341 1368 clari
364 1314 420 1368 viri
443 1313 595 1368 habuerunt
609 1310 802 1368 Athenienses.
843 1307 885 1368 ln‘
897 1311 952 1368 hoc
973 1322 1080 1369 tantum

179 1390 232 1447 fuit
253 1390 349 1446 odium
374 1390 573 1457 multitudiuis
590 1400 621 1446 ut
645 1408 730 1446 nemo
744 1408 832 1446 ausus
857 1391 894 1446 sit
918 1408 987 1446 eum
1011 1390 1080 1447 liber

178 1468 310 1543 sepelire.
352 1468 451 1542 ltaque
467 1485 484 1522 a
498 1469 590 1524 servis
604 1467 736 1543 sepultus
753 1477 806 1524 est.

354 1879 462 1952 XX.
517 1876 887 1951 TIMOLEON

553 2061 710 2074 ——-—-

140 2176 154 2229 1
218 2173 241 2230 l.
268 2173 413 2240 Timoleon,
433 2173 602 2229 Corinthius.
633 2173 702 2229 Sine
717 2173 803 2229 dubio
818 2175 1079 2249 magnusomnium

175 2251 285 2324 judicio
299 2251 345 2305 hic
361 2253 405 2305 vir
419 2252 535 2306 exstitit.
569 2251 704 2326 Namque
716 2253 784 2308 huic
800 2254 850 2308 uni
865 2254 993 2328 contigit,
1009 2251 1079 2328 quod

177 2329 274 2383 nescio
289 2346 323 2382 an
348 2327 408 2393 ulli,
424 2338 454 2383 ut
475 2339 503 2384 et
518 2329 647 2403 patriam,
671 2331 698 2384 in
714 2349 771 2403 qua
785 2341 846 2386 eret
861 2340 955 2398 natus,
970 2344 1078 2405 oppres·

179 2424 240 2460 sam
256 2425 272 2460 a
286 2416 409 2478 tyranno
430 2407 573 2473 liberaret,
589 2417 617 2462 et
632 2427 646 2461 a
663 2406 828 2481 Syracusis,
847 2409 953 2481 quibus
975 2409 1078 2464 auxilio

181 2494 241 2539 erat
256 2485 368 2552 missus,
379 2486 565 2540 inveteratam
578 2486 745 2540 servitutem
761 2485 925 2560 depelleret,
936 2497 1076 2560 totamque

179 2559 317 2630 Siciliam,
339 2564 443 2620 multos
458 2583 547 2618 annos
563 2563 636 2618 bello
652 2574 816 2619 vexatama
832 2564 1020 2638 barbarisque
1034 2583 1077 2638 op·

138 2642 157 2694 2
179 2658 314 2714 pressam,
330 2661 382 2698 suo
397 2642 520 2698 adventu
544 2642 572 2696 in
589 2641 739 2714 pristinum
755 2643 928 2698 restitueret.
970 2641 1027 2698 Sed
1044 2638 1077 2696 'iu

177 2718 222 2775 his
248 2721 333 2776 rehrs
358 2739 413 2776 non
438 2720 560 2795 simplici
586 2717 699 2774 fortuna
724 2720 903 2775 conflictatus
928 2729 980 2788 est,
1002 2729 1039 2787 et,
1052 2716 1077 2774 id

177 2797 252 2870 quod
267 2798 413 2853 difficilius
427 2809 551 2871 putatur,
565 2797 654 2852 multo
664 2797 821 2870 sapientius
835 2797 899 2853 tulit
913 2797 1077 2862 secundam,

139 2875 157 2926 3
178 2892 265 2945 quem
281 2875 430 2929 adversam
446 2874 599 2930 fortunam.
642 2874 720 2930 Num
735 2893 829 2948 quum
850 2869 938 2931 stater
953 2875 1017 2949 ejus
1032 2873 1077 2959 [Pi-

179 2950 342 3021 mophanes,
358 2951 416 3005 dux
442 2969 459 3005 a
480 2951 634 3007 Corinthiis
659 2953 796 3020 delectus,
821 2952 1006 3024 tyrannidem
1031 2967 1078 3026 per

179 3026 283 3081 milites
298 3029 490 3083 mercenarios
511 3025 687 3103 occupasset,
708 3031 908 3104 particepsque
924 3031 1006 3106 regni
1020 3048 1077 3105 pos

179 3112 222 3157 set
236 3122 316 3159 esse:
338 3113 448 3160 tantum
466 3104 556 3161 absuit
571 3125 588 3160 a
603 3109 737 3164 societate
751 3109 880 3175 sceleriS,
896 3117 927 3163 ut
942 3107 1077 3164 antetule-

180 3180 216 3234 rit
238 3199 354 3235 sucrum
380 3183 488 3237 civium
509 3183 668 3239 libertatem
694 3184 789 3241 fratris
810 3186 905 3251 saluti,
927 3195 956 3241 et
981 3202 1077 3260 parere

140 3256 300 3332 tragicus,
322 3278 410 3333 quarn
435 3262 576 3334 imperare
602 3263 709 3336 patriae,
734 3265 824 3319 satius
846 3263 969 3320 duxerit.
1017 3262 1078 3318 Huc

179 3347 273 3391 niente
295 3355 346 3410 per
360 3338 551 3412 haruspicem,
567 3358 807 3415 communemque
828 3341 952 3407 affinem,
969 3343 1018 3398 cui
1038 3360 1077 3396 so

179 3431 234 3480 ror,
250 3431 285 3468 ex
301 3414 407 3471 eisdem
429 3417 593 3489 parentibus
614 3427 689 3484 nata,
705 3430 794 3492 nupta
814 3428 883 3485 erat,
899 3417 1017 3475 fratrem
1037 3428 1077 3491 ty-

179 3508 302 3546 rannum
322 3493 550 3549 interficiendum
565 3495 688 3549 curavit.
731 3494 795 3569 Ipse
810 3514 865 3552 non
880 3495 963 3551 modo
977 3513 1077 3552 manus

178 3585 234 3624 non
251 3571 354 3638 attulit,
370 3570 418 3625 sed
434 3589 470 3625 ne
490 3570 637 3645 adspicere
652 3571 767 3643 quidem
790 3571 949 3629 fraternum
964 3573 1077 3649 sangui·

178 3662 244 3701 nem
259 3648 358 3704 voluit.
400 3648 488 3717 Nam,
503 3648 572 3704 dum
584 3667 630 3705 res
643 3649 842 3719 conficeretur,
851 3650 953 3726 procul
966 3652 997 3708 in
1010 3668 1077 3728 prae
