2474 4080
395 207 544 308 virio.
586 246 801 327 (rictrude.)
1006 258 1048 316 aa

148 389 350 465 quinquagena
373 390 481 447 talenta
494 391 645 466 vectigalis
667 393 808 467 capiebat.
851 396 916 460 Qua
939 394 1050 453 fortuna
1069 401 1088 455 t

148 467 319 525 Alcibiades
343 487 401 524 non
426 481 486 524 erat
511 466 672 539 contentus,
696 490 790 544 neque
813 472 942 529 Athenas
956 474 1049 530 rictas

149 545 379 603 Lacedaemoniis
394 546 503 603 serviro
524 558 634 620 poterat
650 549 717 621 pati.
760 550 858 622 ltaque
874 551 910 606 ad
929 550 1050 624 patriam

147 623 326 681 liberandam
340 625 416 679 omni
431 624 574 680 ferebatur
588 626 772 699 cogitatione.
809 628 868 684 Sed
883 628 1005 697 videbat,
1019 629 1050 685 id
1069 633 1088 685 5

148 701 212 758 sine
219 720 288 776 rege
299 702 453 758 Persarum
461 721 518 757 non
526 720 614 775 posse
624 704 701 759 fieri:
722 705 843 777 ideoque
853 724 918 760 eum
927 707 1049 762 amicum

147 778 205 836 sibi
220 780 354 853 cupiebat
368 779 501 854 adjungi3
522 800 616 854 neque
632 781 785 850 dubitabat,
799 783 884 838 facile
899 802 932 839 se
947 802 1049 840 conse·

148 866 287 926 cuturum,
296 857 323 913 si
337 858 420 914 modo
429 859 491 932 ejus
502 859 693 914 conveniendi
707 859 856 915 habuisset
869 871 1047 933 potestatem.

147 934 226 992 Nam
240 936 349 1008 Cyrum
362 933 476 990 fratrem
490 935 519 990 ei
532 936 639 991 bellum
653 937 727 993 clam
740 956 851 1010 parare,
866 938 1048 994 Lacedaemo·

146 1012 204 1069 niis
220 1012 427 1087 adjuvantibus,
441 1014 570 1082 sciebat;
591 1014 621 1069 id
642 1014 668 1070 si
683 1016 854 1088 aperuisset,
868 1034 1001 1090 magnam
1014 1034 1048 1072 sc

146 1090 282 1147 initurum
297 1091 416 1164 gratiam
430 1091 553 1147 videbat.

187 1169 226 1224 X.
269 1168 341 1224 Haec
362 1188 447 1242 quum
460 1169 615 1237 moliretur,
635 1181 801 1244 peteretque
817 1191 834 1227 a
851 1171 1048 1240 Pharnabazo,
1069 1173 1084 1228 1

146 1256 178 1303 ut
191 1245 228 1302 ad
241 1264 340 1320 regem
353 1247 520 1315 mitteretur,
530 1248 632 1302 eodem
642 1258 769 1322 tempore
783 1250 888 1306 Critias
901 1249 1046 1322 ceterique

146 1324 260 1398 tyranni
275 1323 496 1380 Atheniensium
510 1334 605 1380 certos
621 1325 751 1382 homines
767 1327 803 1382 ad
825 1327 1004 1400 Lysandrum
1017 1327 1048 1384 in
1085 1340 1090 1347 ‘

147 1401 249 1466 Asiam
262 1403 409 1470 miserunt,
424 1403 472 1475 qni
487 1422 552 1458 eum
573 1403 724 1460 certiorem
738 1403 876 1473 facerent,
890 1405 948 1460 nisi
968 1404 1047 1461 Alci·

146 1480 261 1536 biadem
275 1481 448 1549 sustulisset,
462 1480 536 1537 nihil
559 1500 656 1537 earum
670 1501 762 1538 rerum
787 1482 847 1539 sore
862 1495 961 1550 ratum,
975 1500 1046 1555 quas

146 1558 211 1632 ipse
229 1558 351 1614 Athenis
367 1559 573 1615 constituisset.
616 1560 723 1628 Quare,
738 1560 763 1615 si
787 1579 855 1616 suas
876 1579 923 1616 res
948 1571 1046 1634 gestas

86 1650 96 1664 ·
146 1646 262 1693 manere
283 1638 380 1704 vellet,
401 1638 481 1693 illurn
504 1650 732 1711 persequeretur.
775 1639 831 1695 His
856 1639 936 1694 Laco
961 1639 1045 1694 rebus
1066 1641 1084 1693 2

146 1726 304 1770 commotus
320 1716 416 1770 statuit
432 1716 593 1771 accuratius
608 1716 664 1771 sibi
678 1716 819 1789 agendum
833 1735 898 1772 cum
919 1716 1046 1773 Pharna·

146 1793 228 1848 bazo.
251 1793 329 1849 Huic
344 1811 412 1867 ergo
421 1793 572 1861 renuntiat,
586 1812 647 1866 quae
662 1794 724 1867 regi
739 1813 803 1849 cum
818 1793 1046 1850 Lacedaemoniis

146 1881 255 1939 essent,
270 1871 348 1926 irrita
361 1871 461 1939 sutura,
473 1871 527 1926 nisi
545 1871 725 1927 Alcibiadem
737 1871 834 1926 rivum
848 1881 895 1926 aut
908 1881 1046 1926 mortuum

145 1948 321 2004 tradidisset,
364 1950 431 2005 Nou
451 1950 514 2005 tulit
528 1950 583 2005 hoc
599 1960 738 2022 satrapes,
754 1958 782 2003 et
795 1949 904 2004 violare
920 1949 1045 2003 clemen·
1066 1949 1084 2002 3

144 2026 223 2094 tiam,
250 2045 335 2098 quam
361 2027 439 2100 regis
468 2046 539 2101 opes
567 2027 656 2081 minui
684 2027 791 2081 maluit.
842 2026 941 2097 ltaque
968 2025 1046 2080 misit

147 2104 345 2165 Susamithren
361 2115 389 2160 et
409 2105 544 2178 Bagaeum
560 2104 595 2159 ad
610 2104 789 2159 Alcibiadem
809 2102 1045 2171 interficiendum,

145 2201 231 2255 quum
242 2181 292 2236 ille
302 2194 380 2237 esset
393 2183 422 2237 in
439 2182 574 2256 Phrygia,
584 2182 692 2254 iterque
703 2182 738 2236 ad
752 2201 849 2256 regem
859 2190 1044 2254 compararet.

146 2260 233 2315 Missi
249 2260 324 2315 clam
337 2259 485 2328 vicinitati,
510 2261 540 2314 in
554 2279 609 2332 qua
633 2270 691 2315 tum
705 2260 871 2315 Alcibiades
894 2269 964 2327 erat,
978 2258 1046 2314 dant
1065 2261 1084 2314 4

145 2337 300 2411 negotium,
314 2347 345 2392 ut
369 2357 434 2393 eum
456 2337 635 2392 interficiant.
677 2338 724 2393 llli
748 2356 833 2411 quum
856 2336 946 2412 [eum]
969 2336 1044 2391 serro

147 2414 265 2488 aggredi
287 2433 345 2470 nou
367 2415 512 2482 auderent,
540 2426 626 2469 noctu
654 2415 732 2488 ligna
760 2416 940 2470 contulerunt
967 2413 1046 2468 circa

147 2511 245 2548 casam
267 2511 339 2560 earn,
361 2493 460 2565 inqua
483 2493 660 2566 quiescebat,
675 2511 793 2563 eamque
815 2491 1043 2547 succenderunt:

146 2581 177 2626 ut
191 2571 326 2626 incendio
342 2571 525 2638 conficerent,
534 2589 619 2642 quem
633 2588 717 2624 manu
732 2569 861 2641 superari
875 2586 962 2640 posse
972 2567 1044 2623 diffi-

147 2648 260 2703 debant.
302 2648 355 2704 llle
371 2659 465 2702 autern
478 2659 508 2702 ut
522 2647 615 2702 sonitu
630 2647 747 2701 flammae
767 2656 812 2700 est
826 2645 975 2711 excitatus,
990 2643 1045 2699 etsi
1065 2647 1084 2699 5

147 2725 260 2799 gladius
275 2725 303 2781 ei
318 2737 379 2781 erat
400 2725 565 2792 subductus
582 2722 731 2779 familiaris
746 2722 791 2777 sui
805 2721 936 2777 subalare
957 2721 1045 2775 telum

148 2803 261 2877 eripuit.
302 2803 434 2875 Namque
451 2813 511 2858 erat
525 2821 590 2858 cum
604 2819 639 2856 eo
660 2800 774 2874 quidam
788 2817 825 2855 ex
839 2796 964 2854 Arcadia
978 2796 1045 2852 hos·

146 2899 210 2953 psa,
230 2880 279 2952 qui
299 2899 450 2953 numquam
470 2880 622 2936 discedere
636 2879 773 2933 voluerat.
814 2876 901 2933 Hunc
915 2874 997 2947 sequi
1011 2893 1045 2930 se

145 2958 233 3033 jubet,
249 2968 277 3013 et
297 2958 336 3026 id,
347 2958 422 3031 quod
442 2957 472 3012 in
485 2956 637 3030 praesentia
650 2955 883 3011 vestimentorum
902 2951 963 3021 suit,
978 2952 1046 3008 arri·

146 3035 217 3109 puit.
247 3035 303 3091 His
318 3036 349 3090 in
362 3036 460 3109 ignem
474 3034 585 3109 ejectis,
597 3035 715 3089 flammae
728 3033 788 3088 rim
795 3030 921 3103 transiit.
950 3031 1046 3096 Quem
1065 3030 1084 3086 6

147 3123 178 3169 ut
199 3112 311 3168 barbari
334 3112 499 3167 incendium
521 3112 659 3185 effugisse
672 3109 820 3177 -viderunt,
842 3108 908 3165 telis
934 3108 1045 3164 eminus

147 3190 247 3246 missis
261 3189 475 3256 interfecerunt,
491 3199 629 3262 caputque
645 3189 707 3262 ejus
723 3187 759 3242 ad
773 3187 989 3243 Pharnabazum
1000 3202 1047 3239 rc·

147 3269 281 3323 tulerunt.
334 3269 371 3322 At
394 3267 504 3334 mulier,
529 3285 590 3339 quae
616 3283 680 3320 curn
708 3281 743 3319 eo
766 3263 863 3319 virere
885 3270 1046 3329 consuerat,

148 3345 279 3400 muliebri
294 3364 347 3400 sua
360 3354 441 3399 veste
456 3355 617 3398 contectum
632 3341 746 3397 aedificii
759 3340 894 3395 incendio
908 3349 1045 3394 mortuum

148 3421 296 3489 cremavit,
305 3421 380 3492 quod
391 3421 427 3476 ad
440 3421 535 3475 vivum
545 3417 763 3474 interimendum
777 3426 836 3471 erat
846 3426 1046 3493 comparatum.

149 3498 201 3556 Sic
216 3498 395 3565 Alcibiades,
407 3515 496 3552 annos
511 3497 625 3553 circiter
638 3493 823 3569 quadraginta
836 3502 929 3560 natus,
969 3528 1007 3567 404

148 3574 227 3634 diem
240 3575 311 3632 obiit
325 3592 496 3649 supremum.
944 3585 965 3616 ¹²·
977 3575 1002 3616 ⁰·
1013 3585 1035 3615 ¹¹·
