2474 4080
182 272 224 331 ra
371 261 492 326 xvm.
535 270 565 336 a,
580 271 609 336 r,
624 268 653 325 s.
700 246 894 346 (samm.)

179 417 248 473 dum
262 415 298 473 de
312 415 520 472 conditionibus
541 424 652 484 tractat,
668 415 812 492 praefectis
832 416 976 493 Antigoni
996 417 1086 495 irnpo·

179 497 245 561 suit,
260 513 348 568 seque
364 513 399 550 ac
413 512 480 549 suos
494 510 593 549 omnes
607 494 730 551 extraxit
745 495 914 551 incolumes.

141 578 156 631 1
219 573 271 629 Vl.
295 572 343 628 Ad
358 573 435 629 hun'c
451 572 611 646 Olympiae,
622 583 715 649 mater
727 591 793 647 quae
808 570 903 630 fuerat
912 573 1084 646 Alexandri,

179 669 269 725 quum
284 651 393 707 litteras
407 661 436 707 et
457 652 571 706 nuntios
592 653 715 707 misisset
735 652 764 706 in
780 652 893 720 Asiam,
909 653 1083 723 consultum,

179 739 276 786 utrum
286 730 437 803 repetitum
453 728 652 784 Macedoniam
662 731 771 785 reniret
786 728 868 806 (nam
879 740 941 787 tum
952 732 982 786 in
995 730 1085 806 Epiro

140 813 158 865 2
179 806 339 885 habitabat)
355 817 383 865 et
405 827 455 864 eas
470 826 516 863 res
529 819 700 882 occuparet:
723 808 791 864 huic
813 807 863 864 ille
877 809 1003 883 primum
1017 828 1083 866 sua·

178 888 223 955 sit,
239 905 274 942 ue
289 906 320 942 se
335 896 471 954 moveret,
483 895 511 941 et
525 896 713 960 exspectaret,
728 885 822 960 quoad
837 885 996 943 Alexandri
1005 887 1084 945 filius

179 983 301 1040 regnum
317 964 544 1039 adipisceretur3
568 964 612 1020 siu
635 964 733 1038 aliqua
754 964 910 1038 cupiditate
933 976 1083 1040 raperetur

85 1098 88 1103 ,
179 1043 208 1098 in
231 1042 441 1108 Macedoniam,
463 1043 591 1096 omnium
610 1042 782 1116 injuriarum
803 1042 1033 1113 oblivisceretur,
1054 1052 1083 1101 ot

140 1124 157 1177 3
179 1121 209 1175 in
228 1121 373 1175 neminem
396 1120 543 1175 acerbiore
570 1130 698 1176 uteretur
723 1121 853 1194 imperio.
896 1120 1010 1178 Horum
1025 1118 1082 1179 illa

178 1199 248 1254 nihil
266 1197 343 1253 fecit.
385 1197 463 1253 Nam
486 1199 557 1253 etin
573 1197 772 1254 Macedoniam
790 1198 919 1273 prosecta
933 1209 985 1268 est,
1001 1208 1030 1257 et
1042 1200 1081 1257 ibi

178 1276 377 1331 crudelissime
389 1295 420 1332 se
435 1277 532 1350 gessit.
576 1274 659 1332 Petiit
675 1286 771 1333 autem
783 1277 820 1332 ab
834 1276 969 1334 Eumene
982 1279 1080 1335 absen-

178 1363 215 1420 te,
231 1372 266 1409 ne
282 1364 435 1428 pateretur,
449 1353 570 1429 Philippi
583 1354 684 1410 domus
698 1364 727 1411 et
742 1353 859 1411 samilioe
870 1356 1081 1413 inimicissimos

178 1433 295 1506 stirpem
316 1451 430 1507 quoque
452 1433 625 1500 interimere,
642 1431 787 1506 ferretque
802 1452 884 1507 opem
905 1433 1005 1490 liberis
1029 1434 1079 1490 Al-

139 1514 157 1566 4
178 1510 308 1567 exandri.
351 1511 448 1575 Quam
464 1511 577 1566 veniam
593 1511 618 1566 si
639 1510 728 1579 daret,
743 1508 831 1585 duam
854 1512 981 1586 primum
999 1530 1079 1568 exer·

178 1589 252 1645 citus
267 1598 390 1663 pararet,
406 1608 477 1663 quos
491 1589 544 1644 sibi
566 1588 692 1644 subsidio
714 1588 880 1646 adduceret.
923 1588 955 1646 Id
970 1609 1027 1665 quo
1042 1588 1079 1647 fa·

178 1668 264 1723 cilius
279 1666 395 1731 faceret,
411 1686 442 1723 se
457 1667 588 1731 omnibus
603 1666 753 1741 praefectis,
769 1668 819 1742 qui
833 1668 863 1723 in
877 1667 971 1724 officio
987 1686 1080 1725 mane·

179 1746 254 1814 bant,
271 1747 382 1802 misisse
408 1746 526 1813 litteras,
543 1756 573 1800 ut
599 1746 626 1801 ei
646 1756 788 1820 parerent,
811 1745 932 1820 ejusque
954 1746 1081 1803 consiliis

138 1828 157 1880 5
179 1836 337 1880 uterentur.
380 1823 435 1880 His
450 1825 536 1880 rebus
557 1823 705 1879 Eumenes
726 1834 871 1898 permotus
885 1825 977 1881 satius
991 1824 1080 1894 duxit,

178 1904 201 1960 si
227 1904 266 1959 ita
285 1904 400 1960 'tulisset
421 1901 544 1970 fortuna,
567 1903 660 1976 perire
685 1902 758 1958 bene
782 1903 892 1958 meritis
911 1901 1081 1961 referentem

178 1983 311 2058 gratiam,
323 2001 410 2056 quam
426 1983 572 2057 ingratum
587 1981 695 2036 vivere.

141 2064 155 2115 1
218 2059 284 2116 Vll.
309 2060 408 2133 Itaque
424 2061 521 2134 copias
543 2058 695 2126 contraxit,
711 2058 820 2114 bellum
842 2058 983 2117 adve'rsus
998 2059 1080 2115 Anti.

178 2156 285 2211 gormm
301 2138 486 2211 comparavit.
529 2137 613 2200 Quod
631 2155 688 2192 una
709 2148 790 2193 erant
812 2135 986 2194 Macedones
1006 2156 1080 2196 com-

179 2215 276 2288 plures
301 2215 418 2282 nobiles,
445 2216 474 2269 in
500 2215 544 2270 his
569 2214 732 2283 Peucestes,
758 2217 808 2290 qui
835 2217 962 2289 corporis
987 2227 1081 2273 custos

179 2290 274 2346 fuerat
298 2291 469 2359 Alexandri,
495 2302 555 2347 tum
582 2304 678 2349 autem
701 2294 845 2350 obtinebat
869 2292 1027 2364 Persidem,
1055 2302 1082 2351 et

179 2369 349 2442 Antigenes,
362 2370 447 2444 cujus
462 2371 515 2425 sub
527 2370 647 2445 imperio
658 2373 783 2447 phalanx
795 2381 856 2429 erat
871 2370 1080 2429 Macedonum:

179 2447 316 2502 invidiam
328 2467 440 2515 verens,
456 2468 543 2522 quam
558 2459 653 2505 tamen
669 2451 797 2524 effugere
812 2468 865 2505 non
883 2454 982 2524 potuit,
998 2451 1022 2507 si
1037 2468 1080 2525 po·

180 2526 236 2581 tius
250 2526 310 2601 ipse
326 2527 489 2603 alienigena
504 2529 609 2583 summi
630 2529 741 2603 imperii
762 2528 908 2602 potiretur,
924 2547 1012 2603 quam
1035 2528 1080 2584 ulii

139 2610 158 2661 2
180 2603 381 2675 Macedonum,
405 2626 528 2681 quorum
553 2607 591 2661 ibi
616 2618 678 2663 erat
698 2605 857 2674 multitudo,
880 2606 909 2660 in
936 2606 1081 2682 principiis

178 2685 291 2741 nomine
304 2685 465 2741 Alexandri
480 2687 578 2741 statuit
592 2684 822 2751 tabernaculum,
833 2684 861 2738 in
873 2703 966 2759 eoque
981 2685 1081 2741 sellam

179 2782 297 2820 auream
322 2783 389 2820 cum
413 2775 526 2839 sceptro
551 2782 586 2819 ac
611 2763 771 2818 diademate
792 2762 878 2836 jussit
902 2764 978 2836 poni,
994 2780 1081 2836 eoque

178 2861 277 2897 omnes
296 2842 421 2916 quotidie
437 2843 600 2909 convenire,
617 2852 647 2897 ut
668 2841 707 2896 ibi
723 2840 757 2896 de
773 2841 893 2896 summis
914 2841 1001 2898 rebus
1018 2858 1080 2898 con-

179 2918 244 2973 silia
268 2929 462 2992 caperentur3
489 2919 618 2987 credcnS,
641 2919 750 2974 minore
775 2937 805 2974 se
831 2917 940 2975 invidia
965 2918 1034 2987 sore,
1058 2918 1082 2974 si

179 2996 275 3068 specie
290 2996 401 3070 imperii
417 2996 596 3070 nominisque
605 2996 786 3053 simulatione
798 2997 961 3053 Alexandri
976 2996 1082 3053 bellum

141 3077 157 3129 ³
181 3071 326 3128 videretur
350 3073 560 3129 administrare.
612 3075 696 3140 Quod
722 3084 750 3132 et
775 3073 853 3131 fecit.
894 3074 974 3130 Nam
995 3092 1082 3150 quum

179 3168 235 3204 non
254 3149 288 3204 ad
312 3150 454 3207 Eumenis
474 3153 624 3228 principia,
640 3153 690 3210 scd
712 3154 746 3209 ad
769 3154 849 3228 regia
870 3155 1081 3220 conveniretur,

180 3238 267 3300 atque
282 3230 320 3284 ibi
346 3230 380 3285 de
402 3231 487 3286 rebus
508 3231 725 3300 deliberaretur,
741 3231 952 3306 quodammodo
969 3231 1082 3298 latebat,

179 3325 268 3381 quum
285 3319 379 3363 tamen
396 3327 446 3382 per
460 3329 527 3365 eum
543 3329 632 3366 unum
647 3321 817 3384 gererentur
831 3312 937 3366 omnia.

142 3390 155 3444 1
220 3383 300 3441 Vlll.
324 3385 382 3442 Hie
404 3388 432 3442 in
455 3387 610 3444 Paraetacis
625 3408 692 3445 cum
714 3388 861 3464 Antigono
876 3389 1014 3457 conflixit,
1029 3405 1083 3443 non

180 3463 243 3520 acie
265 3465 414 3532 instructa,
430 3466 479 3521 sed
502 3467 530 3522 iu
546 3467 666 3521 itinere:
688 3486 813 3541 eumque
836 3467 911 3524 male
934 3477 1083 3542 acceptum

179 3543 208 3597 in
235 3541 362 3599 Mediam
378 3544 535 3600 hiematum
560 3546 654 3621 coegit
679 3545 783 3601 redire.
826 3545 890 3621 lpse
912 3545 942 3600 in
963 3545 1083 3601 finitima

180 3621 297 3697 regione
318 3620 444 3680 Persidis
462 3623 621 3680 hiematum
635 3624 733 3699 copias
747 3623 852 3695 divisit,
867 3641 924 3681 non
940 3633 972 3681 ut
986 3623 1084 3690 voluit,
