2474 4080
457 283 498 346 X.
544 291 573 360 3,
588 291 619 348 4.
663 287 785 367 (Dion.)
1028 291 1071 351 43

170 430 221 506 qui
235 430 271 487 de
285 429 434 504 partiendo
448 448 555 504 regno;
576 431 651 504 quod
671 433 777 488 sororis
798 452 857 488 snae
877 433 953 488 tilios
968 450 1005 488 ex
1018 432 1069 489 illo

143 504 253 566 *natos
268 519 378 583 partem
396 508 477 582 regni
497 511 612 582 putabat
632 510 737 566 debere
758 510 875 567 habere.
917 511 951 567 ld
964 510 1070 566 medici
1090 516 1109 568 5

168 606 230 644 non
243 597 401 655 tacuerunt,
413 597 442 642 et
455 586 491 641 ad
507 586 678 660 Dionysium
692 588 781 643 filium
796 607 957 644 sermonem
967 590 1070 644 retule-

168 674 245 721 runt.
288 665 353 729 Quo
367 665 417 720 ille
432 675 598 732 commotus,
612 684 648 720 ne
665 666 768 739 agendi
783 678 863 722 esset
874 667 962 722 Dioni
976 677 1070 740 potes·

168 753 226 811 tas,
249 743 323 816 patri
347 759 480 816 soporem
506 742 635 798 medicos
663 743 731 799 dare
756 745 859 818 co'e'git.
901 744 966 800 Hoc
994 762 1072 818 aeger

170 831 274 888 sumto,
288 831 319 875 ut
333 838 432 875 somno
447 820 566 892 sopituS,
581 820 658 875 diem
672 821 742 875 obiit
756 839 928 894 supremum.

211 899 270 956 Ill.
300 894 373 953 Tale
389 897 500 953 initium
514 897 567 952 fuit
588 898 692 953 Dionis
710 909 739 953 et
760 899 894 973 Dionysii
909 899 1070 968 simultatis,
1093 904 1107 958 l

170 995 264 1050 eaque
278 977 372 1032 multis
393 977 478 1031 rebus
500 986 583 1030 aucta
604 986 657 1030 est.
700 976 760 1031 Sed
779 988 874 1032 tamen
888 977 986 1051 primis
1000 988 1071 1032 tem-

170 1055 288 1129 poribus
303 1053 476 1126 aliquamdiu
497 1054 629 1108 simulata
649 1053 722 1108 inter
743 1073 793 1109 eos
815 1055 942 1110 amicitia
956 1055 1068 1111 mansit.

172 1132 324 1204 Quumque
340 1132 417 1187 Dion
430 1150 488 1187 non
509 1131 662 1186 desisteret
676 1133 829 1187 obsecrare
845 1132 1026 1206 Dionysium,
1041 1142 1071 1188 ut

171 1211 323 1267 Platonem
337 1209 459 1265 Athenis
475 1220 647 1277 arcesseret,
662 1219 690 1264 et
705 1210 766 1283 ejus
782 1209 912 1265 consiliis
927 1220 1068 1279 uteretur;

170 1287 232 1355 ille,
246 1287 294 1360 qui
315 1288 345 1342 in
366 1287 461 1360 aliqua
480 1306 511 1342 re
527 1287 614 1342 vellet
634 1297 742 1360 patrem
763 1288 875 1356 imitari,
890 1306 998 1344 morem
1014 1288 1067 1364 [ei]

171 1365 273 1440 gessit.
305 1365 472 1437 Eodemque
485 1375 611 1438 tempore
622 1365 784 1433 Philistum,
795 1365 972 1432 historicum,
983 1367 1069 1440 Syra·
1089 1371 1107 1423 2

171 1462 257 1499 cusas
280 1443 401 1510 reduxit,
426 1443 570 1498 hominem
596 1443 717 1497 amicum
740 1461 797 1498 non
824 1445 915 1517 magis
940 1455 1069 1517 tyranno,

170 1539 255 1594 quam
269 1521 422 1594 tyrannidi.
465 1519 525 1575 Sed
546 1521 582 1575 de
604 1520 659 1575 hoc
682 1521 711 1575 in
733 1539 768 1576 eo
791 1522 880 1597 [meo]
903 1522 974 1576 libro
989 1522 1070 1595 plura

171 1609 237 1654 sunt
251 1599 391 1672 exposita,
400 1597 447 1670 qui
461 1598 497 1653 de
512 1597 657 1653 historicis
674 1598 812 1674 [Graecis]
824 1600 1003 1672 conscriptus
1015 1610 1068 1654 est.

172 1677 256 1732 Plato
275 1687 369 1731 autem
382 1686 489 1731 tantum
510 1675 585 1748 apud
601 1675 772 1749 Dionysium
789 1677 955 1732 auctoritate
970 1678 1068 1750 potuit,
1090 1680 1107 1733 3

171 1755 318 1826 valuitque
338 1753 509 1825 eloquentia,
524 1764 554 1808 ut
568 1753 596 1808 ei
610 1755 786 1826 persuaserit
799 1755 958 1827 tyrannidis
973 1754 1069 1810 lacere

170 1832 268 1900 finem,
283 1832 496 1904 libertatemque
512 1831 633 1886 reddere
646 1832 855 1905 Syracusanis:
873 1850 890 1886 a
903 1850 959 1903 qua
972 1833 1070 1887 volun·

170 1919 228 1965 tate
244 1909 361 1966 Phihsti
376 1910 497 1965 consilio
519 1909 670 1964 deterritus
688 1909 830 1981 aliquanto
847 1909 988 1965 crudelior
1002 1928 1069 1965 esse

116 2013 120 2019 ·
172 1987 269 2061 coepit.

211 2065 265 2122 lV.
296 2065 354 2130 Qui
374 2065 490 2139 quidem
510 2083 595 2138 quum
609 2084 626 2119 a
641 2065 735 2120 Dione
757 2084 790 2120 se
812 2064 941 2138 superari
961 2064 1071 2120 videret
1092 2069 1106 2122 1

170 2142 298 2217 ingenie,
314 2143 488 2211 auctoritate,
504 2161 598 2198 amore
614 2144 721 2217 populi,
735 2162 849 2212 verens,
864 2162 910 2212 ne,
925 2143 950 2198 si
999 2167 1036 2207 355

171 2239 237 2278 eum
264 2240 365 2276 secum
391 2221 518 2288 haberet,
546 2221 670 2294 aliquam
694 2222 878 2277 occasionem
906 2222 951 2277 sui
976 2227 995 2255 ¹²·
1009 2219 1032 2257 ⁰·
1046 2228 1067 2258 ¹¹·

171 2299 252 2354 daret
276 2299 463 2373 opprimendi,
485 2317 588 2354 navem
613 2300 640 2355 ei
664 2301 808 2355 triremem
829 2301 916 2369 dedit,
937 2319 992 2373 qua
1013 2300 1069 2356 Co·

171 2376 296 2433 rinthum
311 2377 516 2432 deveheretur:
539 2378 706 2446 ostendens,
721 2397 754 2433 se
770 2378 799 2433 id
814 2379 957 2451 utriusque
972 2379 1068 2434 facere

171 2473 326 2523 causaue,
338 2473 424 2528 quum
438 2456 513 2511 inter
526 2474 558 2510 se
572 2457 712 2524 timerent,
725 2458 859 2511 alteruter
870 2459 988 2512 alterum
998 2474 1069 2529 prae-

171 2543 335 2607 occuparet.
376 2532 410 2588 ld
424 2552 508 2605 quum
529 2532 634 2588 lactum
653 2533 734 2589 multi
755 2534 977 2606 indignarentur,
992 2552 1069 2607 mag·
1088 2537 1107 2590 2

170 2629 270 2683 naeque
294 2621 373 2666 esset
396 2610 510 2666 invidia
534 2621 673 2684 tyrann03
696 2611 855 2684 Dionysius
883 2612 987 2678 onmia,
1008 2629 1069 2682 qua

171 2689 280 2744 moveri
301 2699 431 2762 poterant
452 2688 566 2757 Dionis,
581 2689 610 2744 in
630 2688 712 2744 navis
733 2687 876 2761 imposuit,
891 2687 927 2742 ad
948 2705 1068 2759 eumque

171 2767 258 2822 misit.
301 2767 351 2822 Sic
377 2767 454 2822 enim
478 2767 635 2822 existimari
659 2767 791 2833 volebat3
813 2765 842 2820 id
864 2785 896 2820 se
920 2783 979 2820 non
1002 2764 1069 2820 odio

170 2843 305 2912 hominis,
327 2844 380 2900 sed
401 2864 459 2900 suae
482 2845 582 2900 salutis
604 2845 711 2900 secisse
734 2863 830 2899 causa.
872 2845 979 2900 Postea
998 2861 1068 2898 vero
1090 2845 1108 2898 3

171 2941 256 2994 quam
276 2922 391 2990 audivit,
412 2941 477 2978 eum
497 2923 527 2978 in
548 2923 750 2996 Peloponneso
771 2941 884 2977 manum
905 2940 1068 2996 comparare

171 3001 283 3073 sibique
298 3001 405 3056 bellum
426 3001 523 3056 facere
545 3001 660 3056 conari:
684 3002 801 3068 Areten,
817 3000 922 3056 Dionis
941 3019 1068 3069 uxorem,

172 3078 222 3133 alii
240 3089 357 3153 nuptum
377 3078 464 3146 dedit,
479 3078 623 3151 filiumque
642 3079 704 3152 ejus
726 3079 769 3133 sic
792 3078 907 3134 educari
925 3078 1019 3153 jussit,
1039 3089 1069 3134 ut

171 3156 346 3230 indulgendo
360 3157 532 3230 turpissimis
554 3156 726 3211 imbueretur
741 3157 951 3230 cupiditatibus.
993 3157 1069 3212 Nam
1089 3159 1107 3212 4

171 3252 269 3307 puer0,
292 3235 457 3308 priusquam
483 3234 574 3307 pubes
599 3244 687 3302 esset,
715 3245 810 3288 scorta
837 3234 1067 3302 adducebantur;

171 3312 237 3367 vino
259 3313 408 3386 epulisque
431 3312 607 3379 obruebatur,
623 3330 715 3383 neque
736 3312 824 3366 ullum
845 3322 955 3385 tempus
973 3313 1068 3367 sobrio

171 3391 390 3464 relinquebatur.
433 3389 462 3445 ls
483 3407 574 3461 usque
598 3407 632 3444 eo
656 3389 719 3444 vitae
744 3400 846 3444 statum
871 3400 1069 3444 commutatum
1089 3393 1107 3444 5

172 3467 245 3526 serre
260 3487 317 3524 non
330 3468 429 3542 potuit,
443 3480 592 3540 postquam
605 3466 634 3522 in
648 3466 768 3541 patriam
781 3466 866 3522 rediit
884 3477 964 3539 pater
979 3469 1068 3541 (nam-
1124 3516 1125 3519 ,

171 3564 226 3625 quc
251 3546 375 3622 appositi
398 3554 477 3601 erant
499 3545 643 3614 custodeS,
658 3543 706 3619 qui
729 3562 795 3599 eum
815 3563 832 3600 a
850 3543 970 3622 pristino
990 3544 1069 3602 victu
