2474 4080
184 266 245 327 102
293 259 402 325 XXV.
448 266 496 325 10.
543 258 595 344 (T.
611 257 809 341 Pomponiae
822 258 974 343 Atticm.)

179 413 304 485 bantur3
328 432 448 471 uxorem
470 412 608 469 Fulviam
630 412 764 470 omnibus
786 412 873 469 rebus
894 413 1021 490 spoliate
1038 432 1109 471 cn·-

140 496 158 549 8
179 493 312 568 piebant3
335 493 440 549 liberos
454 493 540 549 etiam
561 492 746 566 exstinguere
768 492 917 566 parabant.
961 492 1087 563 Atticus,
1181 562 1183 567 Ι

179 590 270 646 quum
292 571 441 628 Ciceronis
460 571 561 627 intima
584 569 777 626 familiaritate
794 580 932 638 uteretur,
947 573 1087 629 amicissi-

179 668 244 706 mus
259 660 333 707 esset
353 649 451 717 Bruto,
467 666 521 705 non
537 648 621 711 modo
634 648 704 704 nihil
727 649 764 704 iis
782 647 899 705 indulsit
915 648 951 705 ad
967 650 1086 707 Antoni·

179 747 228 783 um
245 727 483 797 violandum,sed
499 728 673 784 econtrario
695 725 855 783 familiares
875 728 941 802 ejus
964 746 1002 784 ex
1018 728 1086 785 urbe

179 806 382 883 profugientes,
404 815 494 881 quant
496 825 544 862 um
567 807 665 881 potuit,
687 807 764 871 texit,
779 805 886 880 quibus
911 805 999 862 rebus
1017 808 1085 863 indi

139 888 158 939 4
179 898 314 961 guerunt,
330 886 448 960 adjuvit.
485 884 517 940 P.
533 903 602 941 vero
616 883 772 951 Volumnio
787 902 821 939 ea
832 885 941 953 tribuit,
958 894 990 941 ut
1004 885 1086 961 plura

179 985 196 1020 a
211 976 326 1038 parente
350 963 493 1039 proficisci
513 981 568 1019 non
583 963 735 1038 potuerint.
778 961 835 1037 Ipsi
850 960 948 1019 autem'
962 962 1084 1034 Fulviae,

178 1062 269 1117 quum
290 1043 388 1098 litibus
403 1042 588 1098 distineretur
602 1042 773 1119 magnisque
794 1041 952 1097 terroribus
966 1060 1083 1099 vexare·

178 1132 234 1190 tur,
250 1132 328 1177 tanta
350 1121 500 1195 diligentia
514 1120 640 1176 officium
656 1139 743 1177 suum
764 1120 902 1194 prestitit,
918 1129 950 1176 ut
971 1120 1084 1177 nullum

178 1199 230 1255 illa
244 1200 347 1256 stiterit
359 1198 553 1255 vadimonium
569 1199 630 1255 sine
646 1199 753 1265 Attico,
763 1199 811 1254 hic
825 1216 944 1273 sponsor
956 1198 1084 1255 omnium

138 1279 157 1332 5
179 1295 275 1333 rerum
290 1277 385 1333 fuerit.
429 1277 619 1344 Quinetiam,
635 1296 726 1351 quum
749 1276 800 1332 illa
814 1274 937 1332 fundum
956 1276 1084 1333 secunda

178 1354 292 1411 fortuna
306 1357 423 1411 emisset
443 1357 471 1411 in
487 1355 571 1422 diem,
587 1373 683 1429 neque
698 1365 760 1431 post
773 1354 971 1411 calamitatem
986 1373 1082 1412 versu-

178 1452 240 1488 ram
263 1433 358 1489 facere
382 1435 526 1524 potuisset,
551 1434 600 1489 ille
629 1453 660 1490 se
680 1434 848 1524 interposuit
872 1433 1083 1509 pecuniamque

178 1513 239 1568 sine
256 1511 386 1568 fenore'
356 1531 484 1602 sineque
500 1512 561 1568 ulla
578 1512 760 1587 stipulatione
778 1511 833 1588 [ei]
848 1511 979 1580 credidit,
995 1513 1082 1568 maxi·

179 1609 259 1645 mum
278 1591 445 1647 existimans
468 1601 619 1664 quaestum,
644 1608 799 1646 memorem
822 1601 997 1667 gratumque
1019 1610 1082 1669 cog·

178 1671 266 1737 nosci,
283 1669 427 1742 simulque
452 1669 572 1744 aperire,
587 1689 617 1725 se
633 1688 686 1725 non
711 1667 840 1736 fortunae,
856 1668 905 1725 sed
922 1669 1084 1726 hominibus

139 1749 157 1800 6
179 1747 271 1804 solere
293 1767 355 1803 esse
376 1749 514 1804 amicum.
556 1747 631 1811 Quae
653 1766 743 1822 quum
759 1745 899 1816 faciebat,
917 1766 1001 1804 nemo
1017 1766 1083 1803 eum

178 1828 313 1901 temporis
327 1846 418 1883 causa
433 1826 530 1883 facere
545 1837 654 1900 poterat
669 1825 842 1882 existimare.
873 1825 993 1882 Nemini
1007 1826 1083 1883 enim
1178 1888 1182 1897 ¹

139 1906 158 1958 7
178 1905 206 1959 in
223 1907 382 1980 opinionem
398 1906 539 1972 veniebat,
556 1906 713 1961 Antonium
726 1921 822 1959 rerum
835 1905 1000 1979 potiturum.
1027 1903 1083 1961 Sed

179 1985 284 2040 sensim
300 1987 325 2039 is
340 2003 357 2039 a
373 1984 517 2040 nonnullis
531 1984 714 2073 optimatibus
729 1982 999 2056 reprehendebatur,
1009 1981 1083 2074 quod

178 2081 280 2136 parum
303 2062 395 2118 odisse
418 2063 509 2117 malos
532 2064 611 2117 cives
635 2062 744 2117 videret
733 2072 790 2117 t.ur
846 2060 899 2117 Ille
923 2073 1019 2117 autern
1038 2061 1083 2117 sui

175 2140 277 2214 judicii
294 2141 395 2213 potina,
410 2141 478 2213 quid
490 2160 521 2196 se
538 2140 632 2196 facere
647 2158 699 2215 par
712 2149 797 2208 esset,
809 2139 984 2208 intuebatur,
996 2158 1083 2216 quam

178 2219 245 2291 quid
262 2218 312 2273 alii
328 2217 472 2273 laudaturi
490 2217 590 2274 forent.

141 2296 155 2349 l
219 2295 255 2351 X.
277 2296 423 2351 Conversa
438 2297 530 2351 subito
552 2294 731 2352 fortunaest.
774 2295 813 2352 Ut
835 2295 981 2353 Antonius
1003 2295 1084 2352 rediit

179 2373 206 2428 in
224 2373 345 2440 ltaliam,
357 2392 439 2429 nemo
453 2392 508 2428 non
519 2393 622 2450 magno
637 2376 666 2430 in
683 2375 810 2449 periculo
823 2376 954 2430 Atticum
971 2386 1083 2448 putarat

139 2453 158 2504 2
179 2464 294 2526 propter
308 2452 436 2507 intimam
453 2453 677 2509 familiaritatem
692 2453 841 2510 Ciceronis
855 2463 883 2509 et
898 2452 992 2508 Bruti.
1029 2452 1083 2510 Ita·

179 2549 235 2604 que
247 2531 281 2586 ad
297 2532 451 2588 adventum
466 2532 670 2607 imperatorum
683 2530 717 2587 de
730 2530 790 2587 foro
799 2530 971 2599 decesserat,
982 2533 1084 2588 timens

179 2611 422 2685 proscriptionem,
438 2611 600 2684 latebatque
616 2610 691 2686 apud
715 2609 747 2666 P.
764 2610 964 2677 Volumnium,
980 2610 1038 2677 cui,
1054 2620 1084 2666 ut

178 2690 361 2780 ostendimus,
381 2689 478 2765 paullo
501 2701 566 2746 ante
591 2708 673 2763 opem
699 2688 819 2744 tulerat:
842 2686 936 2765 (tanta
960 2689 1085 2744 varietas

178 2768 214 2825 iis
235 2770 427 2861 temporibus
434 2768 487 2825 fuit
512 2767 700 2835 fortunae,ut
689 2766 806 2823 tmodo
828 2766 866 2834 hi,
883 2765 965 2823 modo
989 2766 1085 2822 illim

178 2865 290 2903 summo
305 2844 400 2903 cs'sent
415 2857 464 2903 aut
477 2845 599 2921 fastigio,
622 2856 672 2902 aut
691 2844 831 2921 periculo)
848 2844 970 2900 habebat
959 2855 1028 2919 tque
1042 2864 1083 2901 se·

179 2924 307 2988 cqu
325 2924 453 2980 Gellium
468 2923 590 2990 Canum,
611 2925 751 3014 aequalem
767 2923 1007 2997 simillimumque
1028 2922 1083 2979 sui.

139 3002 157 3055 3
179 3001 244 3057 Hoc
266 3021 379 3075 quoque
404 3002 440 3057 sit
465 3000 555 3057 Attici
579 3002 692 3058 bonitat'
673 3014 709 3059 trs
730 3002 904 3077 exemplum,
920 3000 996 3075 quod
1019 3018 1085 3057 cum

179 3098 221 3146 eo,
247 3098 333 3151 quem
358 3097 480 3154 puerum
500 3079 530 3133 in
552 3079 619 3135 ludo
640 3090 821 3156 cognoverat,
837 3078 908 3136 adeo
933 3079 1085 3154 conjuncte

179 3157 259 3223 vixit,
276 3167 306 3212 ut
320 3156 355 3212 ad
381 3167 539 3213 extremam
554 3168 665 3214 aetatem
688 3159 814 3215 amicitia
829 3176 929 3214 eorum
952 3158 1085 3214 creverit.

138 3239 157 3290 4
180 3236 323 3291 Antonius
338 3246 442 3303 autom,
458 3237 510 3291 etsi
526 3247 602 3292 tanto
616 3236 680 3292 odio
695 3236 841 3293 ferebatur
861 3238 891 3292 in
905 3235 1085 3303 Ciceronem,

179 3324 210 3368 ut
234 3332 289 3368 non
314 3313 406 3369 solum
427 3315 463 3382 ei,
479 3315 527 3370 sed
542 3316 674 3371 omnibus
689 3317 775 3371 etiam
800 3316 864 3390 ejus
889 3315 1087 3373 amicissesset

179 3391 322 3459 inimicus,
345 3411 449 3466 eosque
465 3394 552 3449 vellet
575 3394 763 3467 proscribere,
790 3395 888 3449 multis
908 3393 1086 3449 hortantibus

177 3479 275 3526 tamen
290 3471 381 3527 Attici
403 3491 512 3528 memor
527 3471 580 3527 fuit
590 3471 687 3539 officii,
703 3482 731 3527 et
750 3472 786 3540 ei,
801 3491 892 3547 quum
911 3472 1086 3546 requisisset,

179 3549 298 3607 ubinam
312 3559 396 3619 esset,
411 3569 465 3606 sua
484 3568 573 3606 manu
587 3551 710 3625 scripsit,
726 3568 763 3607 ne
787 3552 910 3618 timeret,
933 3551 1086 3625 statimque

179 3626 216 3685 ad
229 3647 260 3687 se
270 3629 400 3687 veniret:
422 3648 453 3687 se
468 3647 545 3698 eum,
555 3637 583 3686 et
597 3629 677 3685 illius
692 3647 782 3687 causa
797 3628 958 3705 [Gellium]
972 3628 1088 3687 Canum
