2474 4080
408 274 462 338 IV.
499 281 529 339 3.
575 276 794 356 (Pausanias.)
943 365 945 374 Ι
1009 280 1051 338 23

146 422 250 498 quibus
260 421 323 479 haec
335 421 426 480 fuisse
438 422 546 497 scripta
556 423 745 498 Thucydides
754 441 898 480 memonae
906 421 1048 498 prodidit:

147 501 322 571 Pausanias,
337 502 393 558 dua
409 502 528 578 Sparta,
542 522 611 577 quas
624 501 763 579 Byzantii
777 513 892 578 ceperat,
902 513 1050 578 postquam
1071 503 1089 558 3

143 582 312 656 propinquos
333 591 395 637 tuos
415 583 550 671 cognouit,
566 580 617 637 tibi
637 582 744 637 muneri
763 583 848 650 misit,
868 601 949 656 sequa
963 592 1050 636 tecum

147 659 280 736 (affinitate
302 660 433 736 conjungi
453 661 546 734 cupit:
570 679 663 734 quare,
685 661 712 716 si
735 659 786 716 tibi
812 660 928 727 uidetur,
953 659 1002 716 des
1025 658 1051 714 ci

146 737 242 816 filiam
256 748 332 793 tuam
345 749 468 813 nuptum.
500 737 537 793 Id
550 758 576 793 si
572 737 696 814 feceris,
711 749 737 794 et
753 738 885 814 Spartam
898 749 924 794 et
935 749 1050 794 ceteram
1070 740 1088 792 4

151 815 288 871 Graciam
298 815 349 872 sub
363 828 438 872 tuam
448 827 540 892 potest
541 827 620 907 atem,
630 837 659 872 se
670 817 826 891 adjuvamc,
838 828 864 872 tc
877 817 1051 872 redacturum

143 894 297 970 pollicetur.
339 893 399 951 His
420 895 453 950 dc
476 895 558 951 rebus
579 897 606 951 si
628 896 696 969 quid
714 897 779 971 geri
800 895 928 964 uolueris,
949 905 1050 950 certum

146 973 279 1028 homiaem
291 973 329 1028 ad
347 993 407 1028 eum
420 971 598 1049 mittasface,
612 994 673 1029 cum
686 994 738 1049 qao
756 973 933 1061 colloquatur.
974 972 1089 1040 Rex‚5

147 1059 187 1105 tot
200 1051 347 1106 hominum
360 1052 472 1121 salute,
477 1063 535 1106 tarn
555 1052 610 1108 sibi
624 1052 865 1119 necessariorum,
876 1068 1050 1126 magnopere

147 1128 280 1217 gavisus,
295 1129 449 1186 confestim
469 1148 536 1185 cum
556 1112 678 1205 epistola
693 1131 866 1187 Artabazum
888 1130 924 1187 ad
942 1130 1050 1186 Pausa·

146 1206 224 1261 niam
244 1205 336 1275 mittit,
351 1207 382 1263 in
402 1226 459 1280 qua
480 1227 545 1264 eum
564 1209 764 1278 collaudatae
785 1209 865 1283 petit,
879 1227 917 1264 ne
939 1208 986 1265 cui
1007 1206 1050 1263 rei

147 1296 246 1356 parcat
257 1285 293 1340 ad
307 1304 344 1343 ea
354 1286 543 1361 perficienda,
554 1305 617 1360 quae
627 1252 788 1361 pollidetur.
820 1287 853 1343 si
867 1285 1050 1355 lecerit,nul·

147 1362 203 1418 lius
218 1363 289 1418 reia
303 1382 337 1420 so
345 1365 493 1439 repulsam
506 1365 635 1421 laturum.
671 1365 766 1440 Hujus
779 1364 939 1422 Pausanias
950 1365 1050 1421 volun·
1071 1365 1089 1419 6

146 1451 204 1496 tate
220 1442 342 1516 cognita,
357 1442 481 1499 alacrior
501 1443 537 1500 ad
550 1462 612 1499 rem
625 1444 781 1518 gerendam
795 1444 897 1513 factus,
912 1443 941 1499 in
956 1443 1050 1516 suspi-

148 1520 261 1575 cionem
276 1521 383 1577 cecidit
398 1521 691 1578 Lacedaemoniorum.
727 1523 760 1579 In
779 1541 835 1597 quo
849 1521 925 1578 sacto
936 1522 1050 1578 domurn

147 1609 309 1667 revocatus,
324 1610 478 1657 accusatus
490 1601 602 1674 capitis,
614 1600 788 1668 absolvitu13
809 1601 941 1657 multatur
954 1612 1050 1656 tamen

147 1677 287 1750 pecunia:
309 1697 393 1751 quam
404 1679 440 1734 ob
455 1697 572 1734 causam
586 1679 622 1734 ad
636 1680 761 1735 classem
772 1678 911 1735 remissus
925 1688 1048 1734 nonest.

187 1755 244 1810 Ill.
273 1757 311 1811 At
326 1756 374 1812 ille
390 1767 455 1830 post
475 1775 531 1812 non
547 1760 634 1813 multo
655 1777 707 1814 sua
724 1770 825 1832 sponte
841 1757 877 1814 ad
892 1757 1050 1815 exercitiun
1072 1758 1086 1812 1

147 1832 241 1901 rediit,
256 1845 285 1890 et
305 1834 345 1890 ibi
365 1854 422 1891 non
445 1835 559 1903 callida,
574 1836 627 1892 sed
647 1836 773 1892 dementi
794 1836 918 1912 rationo
984 1835 1050 1893 'tata

146 1912 291 1984 patefecit.
334 1913 401 1970 Non
422 1913 500 1970 enim
523 1933 617 1970 mores
638 1914 745 1990 patrios
768 1915 811 1971 sol

148 1991 254 2046 cultum
269 1991 459 2066 vestitumque
481 1993 606 2049 mutavit.
649 1995 795 2067 Apparatu
815 2010 847 2049 re

146 2081 228 2124 veste
241 2070 376 2138 Medica;
398 2071 540 2127 satellites
556 2071 638 2128 Medi
653 2082 681 2126 et
693 2071 826 2146 AEgyptii
847 2078 857 2129 ἶ

147 2148 314 2220 epulabatur
333 2167 412 2205 more
436 2150 590 2206 Persarum
610 2150 794 2218 luxuriosius,
808 2160 864 2224 qua'
954 2142 961 2159 '

146 2237 218 2293 rant,
239 2227 351 2300 perpeti
378 2239 515 2301 possent;
544 2229 649 2284 aditum
670 2194 832 2302 petentibus
858 2227 1088 2284 conveniendi3

146 2321 204 2359 non
223 2304 324 2374 dabat,
346 2307 469 2379 superbe
490 2307 690 2381 respondebat,
707 2308 761 2384 [et]
785 2305 967 2364 crudeliter
960 2324 1049 2395 lmpe·

147 2383 234 2437 rabat.
277 2384 408 2457 Spartam
428 2384 523 2441 redire
544 2386 668 2442 nolebat.
710 2384 1050 2459 Celonas,qrulocus1n

148 2478 215 2548 agro
230 2461 344 2518 Troade
371 2474 425 2531 est,
445 2483 478 2520 se
504 2465 677 2552 contulerat:
699 2465 739 2520 ibi
762 2465 885 2521 consilia
901 2483 987 2536 quum
1000 2481 1049 2536 pa·

148 2583 236 2673 moriii
250 2619 420 2688 rescierunt,
434 2621 545 2696 legatos
560 2621 596 2677 ad
610 2639 676 2677 eum
697 2638 763 2676 cum
771 2620 889 2709 scytale
902 2620 1049 2687 miserunt,

148 2693 178 2750 in
192 2715 248 2768 qua
267 2715 345 2754 more
360 2699 472 2755 illorum
490 2710 551 2755 erat
571 2698 726 2773 scripturn:
749 2698 805 2754 nisi
827 2697 941 2753 domurn
954 2713 1050 2753 rever

147 2783 263 2843 teretur,
278 2794 311 2831 se
327 2777 430 2850 capitis
452 2796 518 2833 eum
538 2778 730 2835 damnaturos.
772 2777 838 2834 Hoc
859 2775 959 2832 nuntio
973 2793 1049 2830 com·
1070 2778 1088 2830 5

147 2863 250 2921 motus,
261 2872 390 2928 sperans,
405 2874 438 2912 se
453 2856 540 2912 etiarn
552 2867 612 2913 tum
625 2855 750 2931 pecunia
761 2866 790 2912 et
800 2854 928 2931 potentia
938 2853 1049 2910 instans

147 2931 307 3004 periculum
320 2952 409 3022 posse
424 2933 582 3008 depellere,
593 2933 708 2992 domurn
717 2934 812 2991 rediit
841 2933 909 2991 Huc
920 2944 951 2989 ut
961 2932 1049 3002 venit,

148 3009 183 3064 ab
195 3009 333 3082 ephoris
326 3030 356 3067 ιιι
369 3012 486 3068 vincula
495 3013 611 3087 publica
625 3014 774 3089 conjectus
789 3024 843 3070 est.
876 3012 961 3069 Licet
972 3012 1050 3068 enim

147 3085 261 3161 legibus
290 3107 388 3145 eorum
410 3090 502 3147 cuivis
525 3091 632 3166 ephoro
659 3091 715 3148 hoc
736 3091 834 3148 facere
855 3090 927 3166 regi.
970 3091 1048 3147 Hinc

146 3175 289 3223 tamense
305 3168 469 3256 expedivit,
484 3188 577 3242 neque
593 3188 628 3226 eo
639 3169 730 3245 magis
746 3171 861 3226 carebat
872 3169 1048 3257 suspicione.

148 3243 224 3299 Nam
238 3245 336 3319 opinio
350 3248 491 3317 manebat,
506 3266 572 3303 eum
586 3266 651 3304 curn
664 3267 733 3323 rege
747 3248 854 3304 habere
869 3248 1048 3305 societatem.

148 3321 203 3378 Est
227 3343 319 3398 genus
352 3291 494 3398 quoddarri
530 3325 686 3396 hominum,
712 3325 788 3400 quod
815 3326 896 3383 llotae
922 3328 1088 3394 vocatur,6

147 3418 265 3473 quorum
279 3422 383 3477 magna
403 3403 552 3460 multitudo
573 3422 657 3479 agros
675 3403 959 3461 Lacedaemoniorum
980 3404 1059 3460 colit

147 3496 350 3554 servorumque
370 3500 488 3538 munere
502 3481 636 3557 fungitur.
678 3483 743 3539 Hos
764 3500 874 3555 quoque
890 3481 1048 3538 sollicitare

147 3575 200 3632 spe
224 3559 364 3616 libertatis
390 3559 613 3616 existimabatur.
656 3561 717 3617 Sed
737 3559 812 3633 quod
835 3559 936 3616 harum
955 3577 1050 3616 rerum
1069 3561 1087 3615 7

147 3637 257 3695 nullum
283 3647 344 3695 erat
371 3647 500 3713 apertum
524 3639 643 3709 crimen,
668 3656 724 3714 quo
752 3637 833 3710 argui
859 3648 968 3711 posset,
991 3654 1050 3694 non
