2474 4080
182 233 224 291 72
417 224 538 290 XVIII.
584 230 611 287 1.
657 222 850 301 (Eunaeum.)
948 216 952 223 ’

179 378 320 435 habuerat
342 378 372 435 in
396 378 553 435 tribuendis
574 377 663 434 animi
677 377 839 447 virtutibus,
853 377 897 434 sio
920 376 1084 437 maleficam

178 467 281 514 nactus
305 458 397 513 estin
422 475 540 532 corpore
561 455 705 531 fingendo.
747 455 826 512 Nam
848 465 877 512 et
895 466 1009 513 statura
1029 454 1085 516 fuit

179 534 291 602 humili,
304 545 332 591 et
346 553 463 610 corpore
478 536 591 611 exiguo,
607 544 635 592 et
648 533 771 591 claudus
786 534 874 590 altero
888 534 985 609 pade:
1006 534 1085 601 Qum
1108 558 1111 563 ·

180 629 226 669 res
240 613 325 669 etiam
340 613 507 670 nonnullam
529 612 665 669 afferebat
689 610 913 669 deformitatem:
935 622 1021 688 atque
1041 614 1083 691 tg-

177 691 247 759 noti,
263 690 365 747 faciem
380 691 443 766 ejus
456 710 547 767 quum
568 691 756 760 intuerentur,
771 689 992 748 contemnebant
1000 711 1010 763 3
1032 693 1085 767 qui

179 779 276 824 autem
300 770 419 826 virtutes
443 778 589 837 noverant,
615 787 670 825 non
692 778 820 843 poterant
844 766 982 825 admirari
1001 771 1082 827 satis·

139 847 158 900 2
178 845 264 910 Quod
289 848 316 903 ei
342 848 497 916 usuvenit,
519 865 610 922 quum
631 865 771 903 annorum
793 846 936 921 octogiuta
956 847 1084 905 subsidio

179 923 280 981 Tacho
294 926 323 981 in
335 925 496 1000 AEgyptum
511 927 598 992 iisset,
610 934 638 980 et
653 925 759 981 inacta
772 942 839 980 curn
854 924 915 980 suis
929 925 1082 983 accubuis-

178 1012 222 1059 set
246 1004 307 1059 sine
329 1003 388 1059 ullo
409 1014 502 1073 tecto;
524 1013 703 1077 stratumque
729 1003 846 1059 haberet
867 1001 934 1070 tale,
951 1013 982 1059 ut
1005 1013 1081 1060 terra

178 1090 254 1138 tecta
268 1089 343 1137 esset
365 1081 536 1149 stramentis,
557 1099 650 1155 neque
674 1081 731 1147 huc
746 1080 879 1155 amplius,
894 1098 982 1154 quarn
999 1080 1083 1157 pellis

178 1168 254 1215 esset
277 1159 401 1233 injecta3
433 1157 589 1232 eodemque
614 1159 733 1215 comites
756 1176 855 1214 omnes
879 1158 1083 1217 accubuissent

179 1237 282 1292 vestitu
308 1235 409 1291 humili
435 1245 520 1310 atque
544 1236 677 1304 obsoleto,
704 1247 735 1293 ut
758 1254 859 1292 eorum
884 1247 1002 1293 ornatus
1026 1254 1083 1293 non

179 1313 260 1370 modo
284 1314 313 1368 in
337 1314 382 1369 his
403 1331 499 1389 regern
515 1315 659 1370 neminem
680 1314 864 1390 significaret,
886 1313 934 1370 sed
960 1315 1083 1372 hominis
1122 1346 1132 1355 ·

140 1393 158 1445 3
179 1409 234 1446 non
250 1392 404 1447 beatissimi
418 1392 610 1467 suspicionem
624 1392 773 1467 praeberet.
796 1391 894 1465 Hujus
908 1391 944 1448 de
955 1390 1080 1451 adventu

180 1468 257 1525 sarna
271 1489 361 1544 quum
378 1470 412 1525 ad
435 1471 529 1545 regios
542 1482 617 1526 esset
631 1470 751 1545 perlata,
766 1469 900 1526 celeriter
914 1488 1037 1528 munera
1047 1490 1082 1529 ac
1172 1538 1174 1543 .

179 1547 321 1622 cujusque
342 1549 457 1624 generis
471 1557 538 1604 sunt
559 1549 657 1604 allata.
699 1547 754 1604 His
768 1548 963 1623 querentibus
978 1548 1080 1625 AgesI-

179 1624 258 1681 laum
274 1627 321 1681 viu
337 1626 407 1682 fides
429 1625 504 1682 facta
519 1636 569 1695 est,
586 1644 676 1682 uuum
691 1644 753 1682 essa
768 1645 804 1683 ex
819 1625 872 1694 his,
887 1626 938 1700 qui
959 1638 1021 1682 turn
1034 1628 1100 1685 ac*

139 1706 158 1759 4
179 1704 333 1760 cubabant.
375 1704 435 1769 Qui
450 1723 541 1779 quum
555 1705 632 1781 regis
652 1704 756 1772 verbis,
770 1723 836 1779 quae
856 1703 1021 1773 attulerant,
1034 1703 1080 1762 de-

179 1782 294 1851 dissent,
310 1783 359 1839 ille
374 1783 608 1861 praeterxvitulina
622 1792 651 1838 et
665 1781 828 1856 hujusmodi
841 1800 949 1858 genera
964 1783 1080 1857 opsonii,

179 1879 245 1934 quae
271 1879 396 1936 praeseus
423 1871 536 1936 tempus
558 1860 745 1928 desiderabat,
770 1860 840 1915 nihil
866 1860 997 1934 accepit3
1031 1874 1080 1917 un:

179 1950 295 2014 guenta,
305 1958 434 2008 coronas,
449 1938 663 2014 secundamque
675 1956 803 1995 mensam
818 1938 909 1994 servis
922 1937 1062 2013 dispertiit
1070 1958 1079 2011 3

140 2019 277 2074 beetera
299 2017 401 2074 referri
420 2017 515 2092 jussit.
568 2017 635 2082 Quo
659 2015 735 2073 facto
759 2035 826 2087 eum
852 2016 966 2072 barbari
991 2018 1082 2095 magis

179 2096 265 2151 etiam
281 2104 503 2163 contemserunt,
519 2094 593 2170 quod
620 2113 686 2151 eum
708 2094 868 2170 ignorantia
886 2094 1025 2150 bonarum
1040 2113 1081 2152 re-

139 2174 157 2226 6
179 2189 243 2227 rum
258 2172 307 2228 illa
323 2173 499 2247 potissImum
510 2174 665 2247 sumpsisse
678 2172 899 2229 arbitrabantur.
922 2171 981 2230 Hic
992 2191 1082 2248 quum

179 2267 215 2305 ex
236 2249 364 2323 AEgypto
389 2261 588 2318 reverteretur,
611 2250 730 2307 donatus
751 2269 768 2306 a
790 2268 858 2326 rege
882 2249 1082 2308 Nectanabide

180 2326 313 2382 ducentis
338 2327 439 2402 vigInti
464 2328 587 2396 talentis,
613 2346 678 2403 quae
703 2329 752 2384 ille
776 2329 890 2384 muneri
912 2330 1017 2403 populo
1031 2348 1082 2385 suo

179 2403 269 2470 daret,
286 2405 465 2479 venissetque
488 2407 517 2461 iu
542 2417 663 2482 portum,
679 2406 728 2480 qui
751 2405 876 2462 Menelai
891 2417 1020 2473 vocatur,
1039 2407 1080 2482 ja-

179 2499 249 2537 cens
263 2481 337 2537 inter
350 2481 482 2556 Cyrenas
496 2495 524 2540 et
543 2484 712 2559 AEgyptum,
728 2485 757 2538 in
773 2485 904 2540 morbum
925 2484 1082 2559 implicitus

139 2563 158 2616 'l
179 2559 311 2616 decessit.
354 2560 398 2617 lbi
412 2581 480 2618 eum
495 2564 590 2630 amici,
606 2581 662 2636 quo
677 2562 809 2636 Spartam
826 2560 941 2618 facilius
956 2561 1082 2637 perferre

179 2649 300 2715 possent,
315 2640 389 2715 quod
413 2642 470 2698 mel
495 2660 550 2698 non
572 2641 722 2708 habebant,
737 2658 806 2696 cera
824 2637 1082 2709 circumfuderunt,

179 2728 264 2794 atque
278 2719 318 2775 ita
332 2720 447 2776 domum
462 2720 632 2777 retulerunt.

473 2949 796 2959 ——-—

337 3109 537 3185 XVIII.
588 3112 933 3187 EUMENES.

141 3425 157 3480 1
219 3419 243 3478 l.
267 3418 414 3490 Eumenes,
440 3421 607 3480 Cardianus.
649 3423 748 3499 Hujus
771 3426 796 3482 si
820 3425 919 3482 vlrtuti
944 3443 997 3499 par
1020 3424 1085 3482 data

179 3508 254 3557 esset
268 3497 390 3569 fortuna,
404 3519 459 3556 non
474 3503 523 3558 ille
538 3502 654 3576 quidem
663 3503 763 3577 major,
777 3504 828 3560 sed
843 3503 933 3560 multo
947 3503 1086 3561 illustrior

180 3586 266 3655 atque
287 3578 375 3638 etiam
398 3579 579 3638 honoratIor:
600 3580 675 3657 quod
695 3600 816 3658 magnos
835 3581 966 3640 homines
979 3581 1086 3641 vutuu
