<?xml version="1.0" encoding="UTF-8"?>
<!DOCTYPE html PUBLIC "-//W3C//DTD XHTML 1.0 Transitional//EN"
    "http://www.w3.org/TR/xhtml1/DTD/xhtml1-transitional.dtd">
<html xmlns="http://www.w3.org/1999/xhtml" xml:lang="en" lang="en">
 <head>
  <title>
</title>
<meta http-equiv="Content-Type" content="text/html;charset=utf-8" />
  <meta name='ocr-system' content='tesseract 3.04.00' />
  <meta name='ocr-capabilities' content='ocr_page ocr_carea ocr_par ocr_line ocrx_word'/>
</head>
<body>
  <div class='ocr_page' id='page_1' title='image "./corneliusneposw00nepogoog_0108.png"; bbox 0 0 2474 4080; ppageno 0'>
   <div class='ocr_carea' id='block_1_1' title="bbox 230 258 1058 352">
    <p class='ocr_par' dir='ltr' id='par_1_1' title="bbox 230 258 1058 352">
     <span class='ocr_line' id='line_1_1' title="bbox 230 258 1058 352; baseline 0.018 -30"><span class='ocrx_word' id='word_1_1' title='bbox 230 258 348 351; x_wconf 49' lang='grc' dir='ltr'>,ΧΠ</span> <span class='ocrx_word' id='word_1_2' title='bbox 392 267 505 335; x_wconf 81' lang='lat'>11,12.</span> <span class='ocrx_word' id='word_1_3' title='bbox 547 263 598 349; x_wconf 89' lang='lat' dir='ltr'>(T.</span> <span class='ocrx_word' id='word_1_4' title='bbox 615 263 811 349; x_wconf 77' lang='lat' dir='ltr'><strong><em>Pomponius</em></strong></span> <span class='ocrx_word' id='word_1_5' title='bbox 825 268 974 352; x_wconf 78' lang='lat' dir='ltr'>Atticas.)</span> <span class='ocrx_word' id='word_1_6' title='bbox 999 278 1058 337; x_wconf 81' lang='lat' dir='ltr'>loa</span> 
     </span>
    </p>
   </div>
   <div class='ocr_carea' id='block_1_2' title="bbox 151 409 1059 501">
    <p class='ocr_par' dir='ltr' id='par_1_2' title="bbox 151 409 1059 501">
     <span class='ocr_line' id='line_1_2' title="bbox 151 409 1059 501; baseline 0.014 -33"><span class='ocrx_word' id='word_1_7' title='bbox 151 409 189 468; x_wconf 85' lang='lat' dir='ltr'>de</span> <span class='ocrx_word' id='word_1_8' title='bbox 207 412 431 487; x_wconf 79' lang='lat' dir='ltr'><strong>proscriptorum</strong></span> <span class='ocrx_word' id='word_1_9' title='bbox 447 432 567 473; x_wconf 82' lang='lat' dir='ltr'>numero</span> <span class='ocrx_word' id='word_1_10' title='bbox 587 435 738 475; x_wconf 80' lang='lat' dir='ltr'>exemisse.</span> <span class='ocrx_word' id='word_1_11' title='bbox 783 420 838 488; x_wconf 83' lang='lat' dir='ltr'>Ac,</span> <span class='ocrx_word' id='word_1_12' title='bbox 853 423 978 498; x_wconf 89' lang='lat' dir='ltr'>nequod</span> <span class='ocrx_word' id='word_1_13' title='bbox 1000 424 1059 501; x_wconf 90' lang='lat' dir='ltr'>[in]</span> 
     </span>
    </p>
   </div>
   <div class='ocr_carea' id='block_1_3' title="bbox 144 489 1110 3694">
    <p class='ocr_par' dir='ltr' id='par_1_3' title="bbox 146 489 1097 1250">
     <span class='ocr_line' id='line_1_3' title="bbox 151 489 1059 573; baseline 0.014 -28"><span class='ocrx_word' id='word_1_14' title='bbox 151 489 315 565; x_wconf 86' lang='lat' dir='ltr'>periculum</span> <span class='ocrx_word' id='word_1_15' title='bbox 338 491 485 560; x_wconf 85' lang='lat' dir='ltr'>incideret,</span> <span class='ocrx_word' id='word_1_16' title='bbox 509 494 583 567; x_wconf 91' lang='lat' dir='ltr'>quod</span> <span class='ocrx_word' id='word_1_17' title='bbox 609 507 695 552; x_wconf 92' lang='lat' dir='ltr'>noctu</span> <span class='ocrx_word' id='word_1_18' title='bbox 719 497 815 567; x_wconf 84' lang='lat' dir='ltr'>fiebat,</span> <span class='ocrx_word' id='word_1_19' title='bbox 841 501 1006 573; x_wconf 84' lang='lat' dir='ltr'>praesidium</span> <span class='ocrx_word' id='word_1_20' title='bbox 1031 504 1059 558; x_wconf 88' lang='lat' dir='ltr'>ei</span> 
     </span>
     <span class='ocr_line' id='line_1_4' title="bbox 150 567 1097 648; baseline 0.015 -25"><span class='ocrx_word' id='word_1_21' title='bbox 150 568 238 624; x_wconf 89' lang='lat' dir='ltr'><strong>misit.</strong></span> <span class='ocrx_word' id='word_1_22' title='bbox 270 567 320 624; x_wconf 87' lang='lat' dir='ltr'>Sic</span> <span class='ocrx_word' id='word_1_23' title='bbox 335 569 452 625; x_wconf 91' lang='lat' dir='ltr'>Atticus</span> <span class='ocrx_word' id='word_1_24' title='bbox 466 572 494 626; x_wconf 92' lang='lat' dir='ltr'>in</span> <span class='ocrx_word' id='word_1_25' title='bbox 510 590 623 629; x_wconf 89' lang='lat' dir='ltr'>summo</span> <span class='ocrx_word' id='word_1_26' title='bbox 634 573 735 631; x_wconf 89' lang='lat' dir='ltr'>timore</span> <span class='ocrx_word' id='word_1_27' title='bbox 749 594 804 632; x_wconf 92' lang='lat' dir='ltr'>nou</span> <span class='ocrx_word' id='word_1_28' title='bbox 820 576 912 632; x_wconf 87' lang='lat' dir='ltr'>solum</span> <span class='ocrx_word' id='word_1_29' title='bbox 928 579 991 648; x_wconf 87' lang='lat' dir='ltr'>sibi,</span> <span class='ocrx_word' id='word_1_30' title='bbox 1006 580 1056 636; x_wconf 89' lang='lat' dir='ltr'>sed</span> <span class='ocrx_word' id='word_1_31' title='bbox 1079 585 1097 637; x_wconf 90' lang='grc'><strong>5</strong></span> 
     </span>
     <span class='ocr_line' id='line_1_5' title="bbox 146 646 1056 728; baseline 0.014 -27"><span class='ocrx_word' id='word_1_32' title='bbox 146 646 238 703; x_wconf 81' lang='lat' dir='ltr'>etiam</span> <span class='ocrx_word' id='word_1_33' title='bbox 252 647 288 715; x_wconf 90' lang='lat' dir='ltr'>ei,</span> <span class='ocrx_word' id='word_1_34' title='bbox 304 664 391 720; x_wconf 91' lang='lat' dir='ltr'>quem</span> <span class='ocrx_word' id='word_1_35' title='bbox 406 648 588 705; x_wconf 86' lang='lat' dir='ltr'>carissimum</span> <span class='ocrx_word' id='word_1_36' title='bbox 604 651 736 720; x_wconf 89' lang='lat' dir='ltr'>habebat,</span> <span class='ocrx_word' id='word_1_37' title='bbox 753 654 883 728; x_wconf 87' lang='lat' dir='ltr'>praesidio</span> <span class='ocrx_word' id='word_1_38' title='bbox 898 654 961 711; x_wconf 88' lang='lat' dir='ltr'>fuit.</span> <span class='ocrx_word' id='word_1_39' title='bbox 997 658 1056 714; x_wconf 88' lang='lat' dir='ltr'>Ne·</span> 
     </span>
     <span class='ocr_line' id='line_1_6' title="bbox 148 724 1055 806; baseline 0.013 -27"><span class='ocrx_word' id='word_1_40' title='bbox 148 740 207 798; x_wconf 91' lang='lat' dir='ltr'>que</span> <span class='ocrx_word' id='word_1_41' title='bbox 222 724 300 781; x_wconf 89' lang='lat' dir='ltr'>enim</span> <span class='ocrx_word' id='word_1_42' title='bbox 317 742 377 781; x_wconf 85' lang='lat' dir='ltr'>suae</span> <span class='ocrx_word' id='word_1_43' title='bbox 391 725 483 782; x_wconf 86' lang='lat' dir='ltr'>solum</span> <span class='ocrx_word' id='word_1_44' title='bbox 498 745 515 783; x_wconf 93' lang='lat' dir='ltr'>a</span> <span class='ocrx_word' id='word_1_45' title='bbox 529 745 674 802; x_wconf 89' lang='lat' dir='ltr'>quoquam</span> <span class='ocrx_word' id='word_1_46' title='bbox 696 731 838 787; x_wconf 82' lang='lat' dir='ltr'>auxilium</span> <span class='ocrx_word' id='word_1_47' title='bbox 853 734 932 806; x_wconf 90' lang='lat' dir='ltr'>petiit</span> <span class='ocrx_word' id='word_1_48' title='bbox 945 735 1055 803; x_wconf 87' lang='lat' dir='ltr'>salutis,</span> 
     </span>
     <span class='ocr_line' id='line_1_7' title="bbox 147 800 1056 882; baseline 0.01 -23"><span class='ocrx_word' id='word_1_49' title='bbox 147 800 199 859; x_wconf 79' lang='lat' dir='ltr'>sed</span> <span class='ocrx_word' id='word_1_50' title='bbox 215 801 408 876; x_wconf 83' lang='lat' dir='ltr'>conjunctim:</span> <span class='ocrx_word' id='word_1_51' title='bbox 430 814 462 860; x_wconf 91' lang='lat' dir='ltr'>ut</span> <span class='ocrx_word' id='word_1_52' title='bbox 476 816 636 880; x_wconf 81' lang='lat' dir='ltr'>appareret,</span> <span class='ocrx_word' id='word_1_53' title='bbox 651 807 762 862; x_wconf 91' lang='lat' dir='ltr'>nullam</span> <span class='ocrx_word' id='word_1_54' title='bbox 777 821 937 882; x_wconf 72' lang='lat' dir='ltr'>sejunctam</span> <span class='ocrx_word' id='word_1_55' title='bbox 952 812 1056 868; x_wconf 89' lang='lat' dir='ltr'>sibi.ab</span> 
     </span>
     <span class='ocr_line' id='line_1_8' title="bbox 148 879 1094 962; baseline 0.012 -25"><span class='ocrx_word' id='word_1_56' title='bbox 148 897 185 937; x_wconf 84' lang='lat' dir='ltr'>ec</span> <span class='ocrx_word' id='word_1_57' title='bbox 195 879 271 945; x_wconf 84' lang='lat' dir='ltr'>velte</span> <span class='ocrx_word' id='word_1_58' title='bbox 286 879 437 941; x_wconf 83' lang='lat' dir='ltr'>fortunam.</span> <span class='ocrx_word' id='word_1_59' title='bbox 480 881 566 946; x_wconf 86' lang='lat' dir='ltr'>Quod</span> <span class='ocrx_word' id='word_1_60' title='bbox 581 885 605 938; x_wconf 91' lang='lat' dir='ltr'>si</span> <span class='ocrx_word' id='word_1_61' title='bbox 618 884 794 959; x_wconf 87' lang='lat' dir='ltr'>gubernator</span> <span class='ocrx_word' id='word_1_62' title='bbox 809 887 955 962; x_wconf 87' lang='lat' dir='ltr'>praecipua</span> <span class='ocrx_word' id='word_1_63' title='bbox 969 889 1055 947; x_wconf 88' lang='lat' dir='ltr'>laude</span> <span class='ocrx_word' id='word_1_64' title='bbox 1076 895 1094 948; x_wconf 87' lang='lat'>6</span> 
     </span>
     <span class='ocr_line' id='line_1_9' title="bbox 149 954 1054 1038; baseline 0.01 -24"><span class='ocrx_word' id='word_1_65' title='bbox 149 954 253 1025; x_wconf 86' lang='lat' dir='ltr'>fertur,</span> <span class='ocrx_word' id='word_1_66' title='bbox 267 958 317 1033; x_wconf 87' lang='lat' dir='ltr'>qui</span> <span class='ocrx_word' id='word_1_67' title='bbox 340 976 444 1016; x_wconf 92' lang='lat' dir='ltr'>navem</span> <span class='ocrx_word' id='word_1_68' title='bbox 460 978 496 1017; x_wconf 84' lang='lat' dir='ltr'>ex</span> <span class='ocrx_word' id='word_1_69' title='bbox 522 960 616 1017; x_wconf 90' lang='lat' dir='ltr'>hieme</span> <span class='ocrx_word' id='word_1_70' title='bbox 632 963 763 1037; x_wconf 90' lang='lat' dir='ltr'>marique</span> <span class='ocrx_word' id='word_1_71' title='bbox 774 964 924 1038; x_wconf 87' lang='lat' dir='ltr'>scopuloso</span> <span class='ocrx_word' id='word_1_72' title='bbox 943 978 1054 1023; x_wconf 90' lang='lat' dir='ltr'>servat:</span> 
     </span>
     <span class='ocr_line' id='line_1_10' title="bbox 148 1037 1055 1116; baseline 0.007 -22"><span class='ocrx_word' id='word_1_73' title='bbox 148 1053 205 1094; x_wconf 84' lang='lat' dir='ltr'>cur</span> <span class='ocrx_word' id='word_1_74' title='bbox 224 1055 282 1093; x_wconf 92' lang='lat' dir='ltr'>non</span> <span class='ocrx_word' id='word_1_75' title='bbox 304 1037 463 1114; x_wconf 82' lang='lat' dir='ltr'>singularis</span> <span class='ocrx_word' id='word_1_76' title='bbox 486 1039 550 1113; x_wconf 88' lang='lat' dir='ltr'>ejus</span> <span class='ocrx_word' id='word_1_77' title='bbox 574 1040 752 1095; x_wconf 80' lang='lat' dir='ltr'>existimetur</span> <span class='ocrx_word' id='word_1_78' title='bbox 774 1041 933 1116; x_wconf 90' lang='lat' dir='ltr'>prudentia,</span> <span class='ocrx_word' id='word_1_79' title='bbox 948 1043 998 1116; x_wconf 90' lang='lat' dir='ltr'>qui</span> <span class='ocrx_word' id='word_1_80' title='bbox 1019 1062 1055 1100; x_wconf 84' lang='lat' dir='ltr'>ex</span> 
     </span>
     <span class='ocr_line' id='line_1_11' title="bbox 147 1117 1055 1236; baseline 0.007 -65"><span class='ocrx_word' id='word_1_81' title='bbox 147 1122 188 1172; x_wconf 88' lang='lat' dir='ltr'>tot</span> <span class='ocrx_word' id='word_1_82' title='bbox 200 1123 317 1236; x_wconf 77' lang='lat' dir='ltr'>tamqqe</span> <span class='ocrx_word' id='word_1_83' title='bbox 327 1117 468 1192; x_wconf 86' lang='lat' dir='ltr'>gravibus</span> <span class='ocrx_word' id='word_1_84' title='bbox 482 1117 617 1192; x_wconf 90' lang='lat' dir='ltr'>procellis</span> <span class='ocrx_word' id='word_1_85' title='bbox 630 1117 764 1174; x_wconf 86' lang='lat' dir='ltr'>civilibus</span> <span class='ocrx_word' id='word_1_86' title='bbox 779 1119 813 1175; x_wconf 91' lang='lat' dir='ltr'>ad</span> <span class='ocrx_word' id='word_1_87' title='bbox 828 1120 1055 1178; x_wconf 81' lang='lat' dir='ltr'>incolumitatem</span> 
     </span>
     <span class='ocr_line' id='line_1_12' title="bbox 184 1194 297 1250; baseline 0.009 -1"><span class='ocrx_word' id='word_1_88' title='bbox 184 1194 297 1250; x_wconf 88' lang='lat' dir='ltr'>rvenit.</span> 
     </span>
    </p>

    <p class='ocr_par' dir='ltr' id='par_1_4' title="bbox 144 1210 1091 3224">
     <span class='ocr_line' id='line_1_13' title="bbox 146 1210 1090 1353; baseline 0.006 -24"><span class='ocrx_word' id='word_1_89' title='bbox 146 1210 239 1329; x_wconf 66' lang='lat' dir='ltr'>peXl.</span> <span class='ocrx_word' id='word_1_90' title='bbox 262 1271 378 1336; x_wconf 83' lang='lat' dir='ltr'>Quibus</span> <span class='ocrx_word' id='word_1_91' title='bbox 391 1291 427 1329; x_wconf 89' lang='lat' dir='ltr'>ex</span> <span class='ocrx_word' id='word_1_92' title='bbox 443 1272 526 1329; x_wconf 89' lang='lat' dir='ltr'>malis</span> <span class='ocrx_word' id='word_1_93' title='bbox 542 1283 572 1329; x_wconf 89' lang='lat' dir='ltr'>ut</span> <span class='ocrx_word' id='word_1_94' title='bbox 585 1292 616 1329; x_wconf 88' lang='lat' dir='ltr'>se</span> <span class='ocrx_word' id='word_1_95' title='bbox 631 1284 794 1343; x_wconf 85' lang='lat' dir='ltr'>emerserat,</span> <span class='ocrx_word' id='word_1_96' title='bbox 805 1274 875 1330; x_wconf 89' lang='lat' dir='ltr'>nihil</span> <span class='ocrx_word' id='word_1_97' title='bbox 892 1274 970 1331; x_wconf 92' lang='lat' dir='ltr'>aliud</span> <span class='ocrx_word' id='word_1_98' title='bbox 984 1277 1051 1353; x_wconf 87' lang='lat' dir='ltr'>egit,</span> <span class='ocrx_word' id='word_1_99' title='bbox 1075 1282 1090 1335; x_wconf 97' lang='lat' dir='ltr'>l</span> 
     </span>
     <span class='ocr_line' id='line_1_14' title="bbox 145 1351 1051 1426; baseline 0.003 -19"><span class='ocrx_word' id='word_1_100' title='bbox 145 1367 235 1425; x_wconf 90' lang='lat' dir='ltr'>quam</span> <span class='ocrx_word' id='word_1_101' title='bbox 259 1361 291 1407; x_wconf 89' lang='lat' dir='ltr'>ut</span> <span class='ocrx_word' id='word_1_102' title='bbox 316 1351 456 1426; x_wconf 89' lang='lat' dir='ltr'>plurimis,</span> <span class='ocrx_word' id='word_1_103' title='bbox 472 1352 577 1426; x_wconf 90' lang='lat' dir='ltr'>quibus</span> <span class='ocrx_word' id='word_1_104' title='bbox 603 1351 688 1408; x_wconf 90' lang='lat' dir='ltr'>rebus</span> <span class='ocrx_word' id='word_1_105' title='bbox 712 1362 812 1426; x_wconf 88' lang='lat' dir='ltr'>posset,</span> <span class='ocrx_word' id='word_1_106' title='bbox 834 1363 909 1409; x_wconf 84' lang='lat' dir='ltr'>esset</span> <span class='ocrx_word' id='word_1_107' title='bbox 933 1355 1051 1411; x_wconf 85' lang='lat' dir='ltr'>auxilio.</span> 
     </span>
     <span class='ocr_line' id='line_1_15' title="bbox 147 1427 1051 1507; baseline 0.003 -22"><span class='ocrx_word' id='word_1_108' title='bbox 147 1427 248 1493; x_wconf 87' lang='lat' dir='ltr'>Quum</span> <span class='ocrx_word' id='word_1_109' title='bbox 263 1430 434 1504; x_wconf 91' lang='lat' dir='ltr'>proscriptos</span> <span class='ocrx_word' id='word_1_110' title='bbox 448 1430 573 1504; x_wconf 88' lang='lat' dir='ltr'>praemiis</span> <span class='ocrx_word' id='word_1_111' title='bbox 593 1429 795 1503; x_wconf 90' lang='lat' dir='ltr'>imperatorum</span> <span class='ocrx_word' id='word_1_112' title='bbox 816 1431 922 1506; x_wconf 87' lang='lat' dir='ltr'>vulgus</span> <span class='ocrx_word' id='word_1_113' title='bbox 936 1433 1051 1507; x_wconf 89' lang='lat' dir='ltr'>conqui-</span> 
     </span>
     <span class='ocr_line' id='line_1_16' title="bbox 146 1506 1050 1582; baseline 0.006 -20"><span class='ocrx_word' id='word_1_114' title='bbox 146 1516 231 1575; x_wconf 86' lang='lat' dir='ltr'>reret,</span> <span class='ocrx_word' id='word_1_115' title='bbox 245 1524 330 1563; x_wconf 90' lang='lat' dir='ltr'>nemo</span> <span class='ocrx_word' id='word_1_116' title='bbox 344 1508 374 1562; x_wconf 91' lang='lat' dir='ltr'>in</span> <span class='ocrx_word' id='word_1_117' title='bbox 389 1506 512 1582; x_wconf 88' lang='lat' dir='ltr'>Epirum</span> <span class='ocrx_word' id='word_1_118' title='bbox 527 1509 613 1576; x_wconf 88' lang='lat' dir='ltr'>venit,</span> <span class='ocrx_word' id='word_1_119' title='bbox 629 1508 677 1563; x_wconf 93' lang='lat' dir='ltr'>cui</span> <span class='ocrx_word' id='word_1_120' title='bbox 698 1526 743 1564; x_wconf 89' lang='lat' dir='ltr'>res</span> <span class='ocrx_word' id='word_1_121' title='bbox 758 1508 819 1564; x_wconf 92' lang='lat' dir='ltr'>ulla</span> <span class='ocrx_word' id='word_1_122' title='bbox 837 1508 979 1580; x_wconf 87' lang='lat' dir='ltr'>defuerit;</span> <span class='ocrx_word' id='word_1_123' title='bbox 1003 1529 1050 1567; x_wconf 90' lang='lat' dir='ltr'>ne-</span> 
     </span>
     <span class='ocr_line' id='line_1_17' title="bbox 145 1585 1091 1661; baseline 0.006 -21"><span class='ocrx_word' id='word_1_124' title='bbox 145 1585 217 1641; x_wconf 90' lang='lat' dir='ltr'>mini</span> <span class='ocrx_word' id='word_1_125' title='bbox 230 1602 286 1640; x_wconf 93' lang='lat' dir='ltr'>non</span> <span class='ocrx_word' id='word_1_126' title='bbox 302 1585 341 1640; x_wconf 91' lang='lat' dir='ltr'>ibi</span> <span class='ocrx_word' id='word_1_127' title='bbox 356 1596 493 1660; x_wconf 90' lang='lat' dir='ltr'>perpetuo</span> <span class='ocrx_word' id='word_1_128' title='bbox 508 1585 641 1641; x_wconf 90' lang='lat' dir='ltr'>manendi</span> <span class='ocrx_word' id='word_1_129' title='bbox 662 1596 783 1661; x_wconf 90' lang='lat' dir='ltr'>potestas</span> <span class='ocrx_word' id='word_1_130' title='bbox 805 1585 881 1642; x_wconf 86' lang='lat' dir='ltr'>faeta</span> <span class='ocrx_word' id='word_1_131' title='bbox 897 1596 948 1644; x_wconf 91' lang='lat' dir='ltr'>est.</span> <span class='ocrx_word' id='word_1_132' title='bbox 991 1587 1051 1652; x_wconf 82' lang='lat' dir='ltr'>Qut</span> <span class='ocrx_word' id='word_1_133' title='bbox 1072 1593 1091 1646; x_wconf 85' lang='lat'><strong>2</strong></span> 
     </span>
     <span class='ocr_line' id='line_1_18' title="bbox 145 1663 1049 1739; baseline 0.003 -20"><span class='ocrx_word' id='word_1_134' title='bbox 145 1663 232 1719; x_wconf 89' lang='lat' dir='ltr'>etiam</span> <span class='ocrx_word' id='word_1_135' title='bbox 248 1672 310 1738; x_wconf 91' lang='lat' dir='ltr'>post</span> <span class='ocrx_word' id='word_1_136' title='bbox 333 1663 470 1738; x_wconf 90' lang='lat' dir='ltr'>proelium</span> <span class='ocrx_word' id='word_1_137' title='bbox 491 1664 673 1739; x_wconf 86' lang='lat' dir='ltr'>Philippense</span> <span class='ocrx_word' id='word_1_138' title='bbox 688 1665 890 1738; x_wconf 90' lang='lat' dir='ltr'>interitumque</span> <span class='ocrx_word' id='word_1_139' title='bbox 904 1665 938 1722; x_wconf 87' lang='lat' dir='ltr'>C.</span> <span class='ocrx_word' id='word_1_140' title='bbox 955 1665 1049 1723; x_wconf 87' lang='lat' dir='ltr'>Cassii</span> 
     </span>
     <span class='ocr_line' id='line_1_19' title="bbox 145 1739 1051 1817; baseline 0.003 -20"><span class='ocrx_word' id='word_1_141' title='bbox 145 1749 174 1797; x_wconf 89' lang='lat' dir='ltr'>et</span> <span class='ocrx_word' id='word_1_142' title='bbox 198 1739 240 1796; x_wconf 90' lang='lat' dir='ltr'>M.</span> <span class='ocrx_word' id='word_1_143' title='bbox 263 1740 346 1797; x_wconf 91' lang='lat' dir='ltr'>Bruti</span> <span class='ocrx_word' id='word_1_144' title='bbox 368 1740 404 1797; x_wconf 91' lang='lat' dir='ltr'>L.</span> <span class='ocrx_word' id='word_1_145' title='bbox 425 1741 537 1798; x_wconf 86' lang='lat' dir='ltr'>lulium</span> <span class='ocrx_word' id='word_1_146' title='bbox 563 1741 719 1811; x_wconf 86' lang='lat' dir='ltr'>Mocillam,</span> <span class='ocrx_word' id='word_1_147' title='bbox 744 1743 916 1816; x_wconf 88' lang='lat' dir='ltr'>praetorium,</span> <span class='ocrx_word' id='word_1_148' title='bbox 939 1753 967 1799; x_wconf 90' lang='lat' dir='ltr'>et</span> <span class='ocrx_word' id='word_1_149' title='bbox 988 1744 1051 1817; x_wconf 91' lang='lat' dir='ltr'>ejus</span> 
     </span>
     <span class='ocr_line' id='line_1_20' title="bbox 145 1818 1052 1895; baseline 0.003 -21"><span class='ocrx_word' id='word_1_150' title='bbox 145 1818 247 1886; x_wconf 89' lang='lat' dir='ltr'>filium,</span> <span class='ocrx_word' id='word_1_151' title='bbox 264 1819 434 1894; x_wconf 86' lang='lat' dir='ltr'>Aulumque</span> <span class='ocrx_word' id='word_1_152' title='bbox 457 1820 646 1894; x_wconf 88' lang='lat' dir='ltr'>Torquatum,</span> <span class='ocrx_word' id='word_1_153' title='bbox 663 1831 830 1894; x_wconf 87' lang='lat' dir='ltr'>ceterosque</span> <span class='ocrx_word' id='word_1_154' title='bbox 853 1821 914 1895; x_wconf 90' lang='lat' dir='ltr'>pari</span> <span class='ocrx_word' id='word_1_155' title='bbox 939 1819 1052 1877; x_wconf 81' lang='lat' dir='ltr'>fortuna</span> 
     </span>
     <span class='ocr_line' id='line_1_21' title="bbox 145 1896 1051 1973; baseline 0 -19"><span class='ocrx_word' id='word_1_156' title='bbox 145 1896 301 1972; x_wconf 86' lang='lat' dir='ltr'>perculsos,</span> <span class='ocrx_word' id='word_1_157' title='bbox 327 1898 480 1955; x_wconf 89' lang='lat' dir='ltr'>instituerit</span> <span class='ocrx_word' id='word_1_158' title='bbox 504 1899 591 1966; x_wconf 89' lang='lat' dir='ltr'>tueri,</span> <span class='ocrx_word' id='word_1_159' title='bbox 615 1907 701 1973; x_wconf 87' lang='lat' dir='ltr'>atque</span> <span class='ocrx_word' id='word_1_160' title='bbox 726 1916 761 1954; x_wconf 89' lang='lat' dir='ltr'>ex</span> <span class='ocrx_word' id='word_1_161' title='bbox 788 1897 877 1971; x_wconf 87' lang='lat' dir='ltr'>Epiro</span> <span class='ocrx_word' id='word_1_162' title='bbox 899 1897 943 1953; x_wconf 88' lang='lat' dir='ltr'>his</span> <span class='ocrx_word' id='word_1_163' title='bbox 956 1899 1051 1955; x_wconf 90' lang='lat' dir='ltr'>omnia</span> 
     </span>
     <span class='ocr_line' id='line_1_22' title="bbox 144 1974 1090 2052; baseline 0.003 -21"><span class='ocrx_word' id='word_1_164' title='bbox 144 1974 374 2032; x_wconf 81' lang='lat' dir='ltr'>Samothraciam</span> <span class='ocrx_word' id='word_1_165' title='bbox 395 1977 557 2052; x_wconf 90' lang='lat' dir='ltr'>supportari</span> <span class='ocrx_word' id='word_1_166' title='bbox 571 1977 700 2051; x_wconf 88' lang='lat' dir='ltr'>jusserit.</span> <span class='ocrx_word' id='word_1_167' title='bbox 743 1974 869 2031; x_wconf 90' lang='lat' dir='ltr'>Difficile</span> <span class='ocrx_word' id='word_1_168' title='bbox 891 1985 941 2042; x_wconf 90' lang='lat' dir='ltr'>est,</span> <span class='ocrx_word' id='word_1_169' title='bbox 956 1977 1051 2032; x_wconf 89' lang='lat' dir='ltr'>omnia</span> <span class='ocrx_word' id='word_1_170' title='bbox 1072 1981 1090 2034; x_wconf 83' lang='lat'><strong>3</strong></span> 
     </span>
     <span class='ocr_line' id='line_1_23' title="bbox 145 2053 1050 2129; baseline 0 -19"><span class='ocrx_word' id='word_1_171' title='bbox 145 2054 288 2129; x_wconf 86' lang='lat' dir='ltr'>persequi,</span> <span class='ocrx_word' id='word_1_172' title='bbox 304 2064 332 2110; x_wconf 89' lang='lat' dir='ltr'>et</span> <span class='ocrx_word' id='word_1_173' title='bbox 353 2072 409 2110; x_wconf 90' lang='lat' dir='ltr'>non</span> <span class='ocrx_word' id='word_1_174' title='bbox 424 2056 630 2112; x_wconf 87' lang='lat' dir='ltr'>necessarium.</span> <span class='ocrx_word' id='word_1_175' title='bbox 671 2053 747 2110; x_wconf 90' lang='lat' dir='ltr'>lllud</span> <span class='ocrx_word' id='word_1_176' title='bbox 763 2072 853 2108; x_wconf 93' lang='lat' dir='ltr'>unum</span> <span class='ocrx_word' id='word_1_177' title='bbox 868 2053 989 2129; x_wconf 85' lang='lat' dir='ltr'>intelligi</span> <span class='ocrx_word' id='word_1_178' title='bbox 1005 2073 1050 2110; x_wconf 86' lang='lat' dir='ltr'>vo·</span> 
     </span>
     <span class='ocr_line' id='line_1_24' title="bbox 145 2131 1050 2207; baseline 0.001 -20"><span class='ocrx_word' id='word_1_179' title='bbox 145 2131 252 2200; x_wconf 91' lang='lat' dir='ltr'>lumus,</span> <span class='ocrx_word' id='word_1_180' title='bbox 273 2132 353 2188; x_wconf 86' lang='lat' dir='ltr'>illius</span> <span class='ocrx_word' id='word_1_181' title='bbox 375 2132 577 2189; x_wconf 88' lang='lat' dir='ltr'>liberalitatem</span> <span class='ocrx_word' id='word_1_182' title='bbox 602 2150 695 2207; x_wconf 90' lang='lat' dir='ltr'>neque</span> <span class='ocrx_word' id='word_1_183' title='bbox 720 2132 931 2207; x_wconf 86' lang='lat' dir='ltr'>temporariam,</span> <span class='ocrx_word' id='word_1_184' title='bbox 958 2149 1050 2205; x_wconf 88' lang='lat' dir='ltr'>neque</span> 
     </span>
     <span class='ocr_line' id='line_1_25' title="bbox 145 2208 1089 2286; baseline 0.002 -20"><span class='ocrx_word' id='word_1_185' title='bbox 145 2210 280 2267; x_wconf 92' lang='lat' dir='ltr'>callidam</span> <span class='ocrx_word' id='word_1_186' title='bbox 297 2208 396 2266; x_wconf 88' lang='lat' dir='ltr'>fuisse.</span> <span class='ocrx_word' id='word_1_187' title='bbox 439 2210 521 2268; x_wconf 87' lang='lat' dir='ltr'>Idex</span> <span class='ocrx_word' id='word_1_188' title='bbox 543 2210 612 2286; x_wconf 89' lang='lat' dir='ltr'>ipsis</span> <span class='ocrx_word' id='word_1_189' title='bbox 626 2213 713 2267; x_wconf 88' lang='lat' dir='ltr'>rebus</span> <span class='ocrx_word' id='word_1_190' title='bbox 735 2228 770 2266; x_wconf 92' lang='lat' dir='ltr'>ac</span> <span class='ocrx_word' id='word_1_191' title='bbox 784 2210 958 2285; x_wconf 91' lang='lat' dir='ltr'>temporibus</span> <span class='ocrx_word' id='word_1_192' title='bbox 974 2209 1049 2283; x_wconf 84' lang='lat' dir='ltr'>judi-</span> <span class='ocrx_word' id='word_1_193' title='bbox 1071 2215 1089 2268; x_wconf 79' lang='lat' dir='ltr'>t</span> 
     </span>
     <span class='ocr_line' id='line_1_26' title="bbox 145 2287 1049 2365; baseline 0 -21"><span class='ocrx_word' id='word_1_194' title='bbox 145 2289 208 2344; x_wconf 86' lang='lat' dir='ltr'>cari</span> <span class='ocrx_word' id='word_1_195' title='bbox 222 2299 320 2365; x_wconf 82' lang='lat' dir='ltr'>potest,</span> <span class='ocrx_word' id='word_1_196' title='bbox 333 2288 408 2364; x_wconf 91' lang='lat' dir='ltr'>quod</span> <span class='ocrx_word' id='word_1_197' title='bbox 423 2307 478 2346; x_wconf 91' lang='lat' dir='ltr'>non</span> <span class='ocrx_word' id='word_1_198' title='bbox 494 2289 659 2345; x_wconf 87' lang='lat' dir='ltr'>florentibus</span> <span class='ocrx_word' id='word_1_199' title='bbox 673 2309 704 2346; x_wconf 90' lang='lat' dir='ltr'>se</span> <span class='ocrx_word' id='word_1_200' title='bbox 719 2287 884 2356; x_wconf 85' lang='lat' dir='ltr'>venditavit,</span> <span class='ocrx_word' id='word_1_201' title='bbox 900 2288 949 2344; x_wconf 93' lang='lat' dir='ltr'>sed</span> <span class='ocrx_word' id='word_1_202' title='bbox 962 2287 1049 2344; x_wconf 89' lang='lat' dir='ltr'>afflic-</span> 
     </span>
     <span class='ocr_line' id='line_1_27' title="bbox 144 2365 1049 2442; baseline -0.002 -19"><span class='ocrx_word' id='word_1_203' title='bbox 144 2367 181 2423; x_wconf 83' lang='lat' dir='ltr'>tis</span> <span class='ocrx_word' id='word_1_204' title='bbox 194 2385 309 2442; x_wconf 88' lang='lat' dir='ltr'>semper</span> <span class='ocrx_word' id='word_1_205' title='bbox 322 2369 485 2424; x_wconf 88' lang='lat' dir='ltr'>succurrit:</span> <span class='ocrx_word' id='word_1_206' title='bbox 507 2368 556 2442; x_wconf 88' lang='lat' dir='ltr'>qui</span> <span class='ocrx_word' id='word_1_207' title='bbox 572 2366 687 2441; x_wconf 92' lang='lat' dir='ltr'>quidem</span> <span class='ocrx_word' id='word_1_208' title='bbox 706 2367 869 2436; x_wconf 85' lang='lat' dir='ltr'>Serviliam,</span> <span class='ocrx_word' id='word_1_209' title='bbox 885 2365 967 2422; x_wconf 90' lang='lat' dir='ltr'>Bruti</span> <span class='ocrx_word' id='word_1_210' title='bbox 990 2384 1049 2421; x_wconf 91' lang='lat' dir='ltr'>ma-</span> 
     </span>
     <span class='ocr_line' id='line_1_28' title="bbox 145 2443 1049 2522; baseline -0.003 -21"><span class='ocrx_word' id='word_1_211' title='bbox 145 2453 227 2514; x_wconf 89' lang='lat' dir='ltr'>trem,</span> <span class='ocrx_word' id='word_1_212' title='bbox 242 2463 298 2501; x_wconf 91' lang='lat' dir='ltr'>non</span> <span class='ocrx_word' id='word_1_213' title='bbox 313 2447 408 2502; x_wconf 90' lang='lat' dir='ltr'>minus</span> <span class='ocrx_word' id='word_1_214' title='bbox 429 2456 490 2522; x_wconf 90' lang='lat' dir='ltr'>post</span> <span class='ocrx_word' id='word_1_215' title='bbox 507 2456 626 2502; x_wconf 89' lang='lat' dir='ltr'>mortem</span> <span class='ocrx_word' id='word_1_216' title='bbox 641 2445 713 2519; x_wconf 76' lang='lat' dir='ltr'>ejuS,</span> <span class='ocrx_word' id='word_1_217' title='bbox 728 2463 815 2519; x_wconf 93' lang='lat' dir='ltr'>quam</span> <span class='ocrx_word' id='word_1_218' title='bbox 830 2445 956 2512; x_wconf 89' lang='lat' dir='ltr'>florente,</span> <span class='ocrx_word' id='word_1_219' title='bbox 972 2443 1049 2500; x_wconf 88' lang='lat' dir='ltr'>colu-</span> 
     </span>
     <span class='ocr_line' id='line_1_29' title="bbox 146 2522 1089 2596; baseline -0.001 -18"><span class='ocrx_word' id='word_1_220' title='bbox 146 2523 209 2579; x_wconf 89' lang='lat' dir='ltr'>erit.</span> <span class='ocrx_word' id='word_1_221' title='bbox 251 2523 302 2579; x_wconf 88' lang='lat' dir='ltr'>Sic</span> <span class='ocrx_word' id='word_1_222' title='bbox 327 2524 499 2581; x_wconf 80' lang='lat' dir='ltr'>liberalitate</span> <span class='ocrx_word' id='word_1_223' title='bbox 524 2534 608 2580; x_wconf 90' lang='lat' dir='ltr'>utens</span> <span class='ocrx_word' id='word_1_224' title='bbox 630 2522 727 2578; x_wconf 88' lang='lat' dir='ltr'>nullas</span> <span class='ocrx_word' id='word_1_225' title='bbox 754 2522 917 2577; x_wconf 87' lang='lat' dir='ltr'>inimicitias</span> <span class='ocrx_word' id='word_1_226' title='bbox 944 2522 1048 2596; x_wconf 91' lang='lat' dir='ltr'>gessit:</span> <span class='ocrx_word' id='word_1_227' title='bbox 1070 2524 1089 2578; x_wconf 84' lang='lat'><strong>5</strong></span> 
     </span>
     <span class='ocr_line' id='line_1_30' title="bbox 145 2599 1049 2677; baseline -0.002 -21"><span class='ocrx_word' id='word_1_228' title='bbox 145 2600 221 2676; x_wconf 90' lang='lat' dir='ltr'>quod</span> <span class='ocrx_word' id='word_1_229' title='bbox 236 2619 329 2676; x_wconf 88' lang='lat' dir='ltr'>neque</span> <span class='ocrx_word' id='word_1_230' title='bbox 344 2601 465 2658; x_wconf 87' lang='lat' dir='ltr'>laedebat</span> <span class='ocrx_word' id='word_1_231' title='bbox 485 2618 670 2677; x_wconf 91' lang='lat' dir='ltr'>quemquam,</span> <span class='ocrx_word' id='word_1_232' title='bbox 686 2618 789 2674; x_wconf 91' lang='lat' dir='ltr'>neque,</span> <span class='ocrx_word' id='word_1_233' title='bbox 805 2599 829 2654; x_wconf 91' lang='lat' dir='ltr'>si</span> <span class='ocrx_word' id='word_1_234' title='bbox 848 2616 936 2673; x_wconf 90' lang='lat' dir='ltr'>quam</span> <span class='ocrx_word' id='word_1_235' title='bbox 950 2599 1049 2670; x_wconf 88' lang='lat' dir='ltr'>injuri-</span> 
     </span>
     <span class='ocr_line' id='line_1_31' title="bbox 146 2673 1050 2754; baseline -0.006 -19"><span class='ocrx_word' id='word_1_236' title='bbox 146 2697 194 2735; x_wconf 89' lang='lat' dir='ltr'>am</span> <span class='ocrx_word' id='word_1_237' title='bbox 219 2689 381 2754; x_wconf 88' lang='lat' dir='ltr'>acceperat,</span> <span class='ocrx_word' id='word_1_238' title='bbox 398 2680 524 2736; x_wconf 89' lang='lat' dir='ltr'>malebat</span> <span class='ocrx_word' id='word_1_239' title='bbox 549 2679 661 2746; x_wconf 67' lang='lat' dir='ltr'>uldsci,</span> <span class='ocrx_word' id='word_1_240' title='bbox 677 2695 766 2751; x_wconf 90' lang='lat' dir='ltr'>quam</span> <span class='ocrx_word' id='word_1_241' title='bbox 789 2675 929 2732; x_wconf 89' lang='lat' dir='ltr'>oblivisci.</span> <span class='ocrx_word' id='word_1_242' title='bbox 970 2673 1050 2731; x_wconf 90' lang='lat' dir='ltr'>Idem</span> 
     </span>
     <span class='ocr_line' id='line_1_32' title="bbox 145 2752 1051 2833; baseline -0.006 -20"><span class='ocrx_word' id='word_1_243' title='bbox 145 2757 300 2814; x_wconf 87' lang='lat' dir='ltr'>immortali</span> <span class='ocrx_word' id='word_1_244' title='bbox 324 2758 462 2814; x_wconf 90' lang='lat' dir='ltr'>memoria</span> <span class='ocrx_word' id='word_1_245' title='bbox 487 2766 621 2833; x_wconf 90' lang='lat' dir='ltr'>percepta</span> <span class='ocrx_word' id='word_1_246' title='bbox 643 2753 783 2811; x_wconf 90' lang='lat' dir='ltr'>retinebet</span> <span class='ocrx_word' id='word_1_247' title='bbox 804 2752 962 2823; x_wconf 89' lang='lat' dir='ltr'>benefieia;</span> <span class='ocrx_word' id='word_1_248' title='bbox 985 2770 1051 2827; x_wconf 85' lang='lat' dir='ltr'>quae</span> 
     </span>
     <span class='ocr_line' id='line_1_33' title="bbox 147 2829 1048 2911; baseline -0.008 -18"><span class='ocrx_word' id='word_1_249' title='bbox 147 2848 243 2893; x_wconf 88' lang='lat' dir='ltr'>autem</span> <span class='ocrx_word' id='word_1_250' title='bbox 258 2836 318 2911; x_wconf 88' lang='lat' dir='ltr'>ipse</span> <span class='ocrx_word' id='word_1_251' title='bbox 333 2837 481 2905; x_wconf 90' lang='lat' dir='ltr'>tribuerat,</span> <span class='ocrx_word' id='word_1_252' title='bbox 494 2835 603 2892; x_wconf 90' lang='lat' dir='ltr'>tamdiu</span> <span class='ocrx_word' id='word_1_253' title='bbox 618 2835 796 2900; x_wconf 89' lang='lat' dir='ltr'>meminerat,</span> <span class='ocrx_word' id='word_1_254' title='bbox 811 2829 905 2905; x_wconf 91' lang='lat' dir='ltr'>quoad</span> <span class='ocrx_word' id='word_1_255' title='bbox 919 2830 969 2886; x_wconf 92' lang='lat' dir='ltr'>ille</span> <span class='ocrx_word' id='word_1_256' title='bbox 983 2848 1048 2906; x_wconf 87' lang='lat' dir='ltr'>gra-</span> 
     </span>
     <span class='ocr_line' id='line_1_34' title="bbox 145 2904 1089 2989; baseline -0.005 -19"><span class='ocrx_word' id='word_1_257' title='bbox 145 2923 192 2970; x_wconf 91' lang='lat' dir='ltr'>tus</span> <span class='ocrx_word' id='word_1_258' title='bbox 205 2925 277 2983; x_wconf 91' lang='lat' dir='ltr'>erat,</span> <span class='ocrx_word' id='word_1_259' title='bbox 289 2915 340 2989; x_wconf 94' lang='lat' dir='ltr'>qui</span> <span class='ocrx_word' id='word_1_260' title='bbox 355 2924 516 2988; x_wconf 86' lang='lat' dir='ltr'>acceperat.</span> <span class='ocrx_word' id='word_1_261' title='bbox 542 2913 642 2988; x_wconf 89' lang='lat' dir='ltr'>ltaque</span> <span class='ocrx_word' id='word_1_262' title='bbox 658 2912 705 2967; x_wconf 92' lang='lat' dir='ltr'>hic</span> <span class='ocrx_word' id='word_1_263' title='bbox 721 2904 842 2979; x_wconf 69' lang='lat' dir='ltr'>fecit,‘ut</span> <span class='ocrx_word' id='word_1_264' title='bbox 858 2927 925 2965; x_wconf 91' lang='lat' dir='ltr'>vere</span> <span class='ocrx_word' id='word_1_265' title='bbox 940 2908 1050 2965; x_wconf 91' lang='lat' dir='ltr'>dictum</span> <span class='ocrx_word' id='word_1_266' title='bbox 1071 2911 1089 2965; x_wconf 82' lang='grc'><strong>6</strong></span> 
     </span>
     <span class='ocr_line' id='line_1_35' title="bbox 146 2987 1050 3069; baseline -0.006 -21"><span class='ocrx_word' id='word_1_267' title='bbox 146 2991 295 3049; x_wconf 88' lang='lat' dir='ltr'>videatur:</span> <span class='ocrx_word' id='word_1_268' title='bbox 326 2991 380 3048; x_wconf 84' lang='lat' dir='ltr'>Sui</span> <span class='ocrx_word' id='word_1_269' title='bbox 398 2995 494 3066; x_wconf 81' lang='lat' dir='ltr'>cuique</span> <span class='ocrx_word' id='word_1_270' title='bbox 517 3010 606 3048; x_wconf 81' lang='lat' dir='ltr'>mores</span> <span class='ocrx_word' id='word_1_271' title='bbox 620 2990 735 3069; x_wconf 80' lang='lat' dir='ltr'>fingant</span> <span class='ocrx_word' id='word_1_272' title='bbox 745 2987 903 3067; x_wconf 83' lang='lat' dir='ltr'>fortunam.</span> <span class='ocrx_word' id='word_1_273' title='bbox 945 2987 1050 3062; x_wconf 91' lang='lat' dir='ltr'>Neque</span> 
     </span>
     <span class='ocr_line' id='line_1_36' title="bbox 144 3066 1049 3147; baseline -0.006 -20"><span class='ocrx_word' id='word_1_274' title='bbox 144 3078 241 3127; x_wconf 84' lang='lat' dir='ltr'>tamen</span> <span class='ocrx_word' id='word_1_275' title='bbox 257 3072 336 3147; x_wconf 89' lang='lat' dir='ltr'>prius</span> <span class='ocrx_word' id='word_1_276' title='bbox 351 3070 400 3127; x_wconf 90' lang='lat' dir='ltr'>ille</span> <span class='ocrx_word' id='word_1_277' title='bbox 417 3069 569 3138; x_wconf 84' lang='lat' dir='ltr'>fortunam,</span> <span class='ocrx_word' id='word_1_278' title='bbox 584 3087 672 3143; x_wconf 92' lang='lat' dir='ltr'>quam</span> <span class='ocrx_word' id='word_1_279' title='bbox 687 3069 802 3143; x_wconf 89' lang='lat' dir='ltr'>seipse,</span> <span class='ocrx_word' id='word_1_280' title='bbox 817 3066 916 3123; x_wconf 85' lang='lat' dir='ltr'>finxit:</span> <span class='ocrx_word' id='word_1_281' title='bbox 937 3067 987 3141; x_wconf 93' lang='lat' dir='ltr'>qui</span> <span class='ocrx_word' id='word_1_282' title='bbox 1002 3083 1049 3123; x_wconf 89' lang='lat' dir='ltr'>ca-</span> 
     </span>
     <span class='ocr_line' id='line_1_37' title="bbox 145 3148 686 3224; baseline -0.007 -19"><span class='ocrx_word' id='word_1_283' title='bbox 145 3151 195 3217; x_wconf 87' lang='lat' dir='ltr'>vit,</span> <span class='ocrx_word' id='word_1_284' title='bbox 211 3168 247 3205; x_wconf 91' lang='lat' dir='ltr'>ne</span> <span class='ocrx_word' id='word_1_285' title='bbox 262 3167 321 3224; x_wconf 88' lang='lat' dir='ltr'>qua</span> <span class='ocrx_word' id='word_1_286' title='bbox 336 3149 364 3203; x_wconf 91' lang='lat' dir='ltr'>in</span> <span class='ocrx_word' id='word_1_287' title='bbox 381 3167 410 3205; x_wconf 89' lang='lat' dir='ltr'>re</span> <span class='ocrx_word' id='word_1_288' title='bbox 422 3148 489 3223; x_wconf 90' lang='lat' dir='ltr'>jure</span> <span class='ocrx_word' id='word_1_289' title='bbox 504 3148 686 3223; x_wconf 83' lang='lat' dir='ltr'>plecteretur.</span> 
     </span>
    </p>

    <p class='ocr_par' dir='ltr' id='par_1_5' title="bbox 145 3220 1110 3694">
     <span class='ocr_line' id='line_1_38' title="bbox 186 3220 1088 3302; baseline -0.007 -18"><span class='ocrx_word' id='word_1_290' title='bbox 186 3227 252 3284; x_wconf 85' lang='lat' dir='ltr'>llll.</span> <span class='ocrx_word' id='word_1_291' title='bbox 276 3227 331 3283; x_wconf 87' lang='lat' dir='ltr'>His</span> <span class='ocrx_word' id='word_1_292' title='bbox 346 3227 435 3302; x_wconf 89' lang='lat' dir='ltr'>igitur</span> <span class='ocrx_word' id='word_1_293' title='bbox 450 3227 536 3282; x_wconf 88' lang='lat' dir='ltr'>rebus</span> <span class='ocrx_word' id='word_1_294' title='bbox 550 3225 653 3292; x_wconf 87' lang='lat' dir='ltr'>effecit,</span> <span class='ocrx_word' id='word_1_295' title='bbox 669 3232 700 3279; x_wconf 93' lang='lat' dir='ltr'>ut</span> <span class='ocrx_word' id='word_1_296' title='bbox 715 3221 755 3278; x_wconf 91' lang='lat' dir='ltr'>M.</span> <span class='ocrx_word' id='word_1_297' title='bbox 772 3222 930 3297; x_wconf 88' lang='lat' dir='ltr'>Vipsanius</span> <span class='ocrx_word' id='word_1_298' title='bbox 945 3220 1050 3298; x_wconf 83' lang='lat' dir='ltr'>Agrip·</span> <span class='ocrx_word' id='word_1_299' title='bbox 1073 3224 1088 3278; x_wconf 95' lang='lat'>1</span> 
     </span>
     <span class='ocr_line' id='line_1_39' title="bbox 146 3299 1051 3381; baseline -0.01 -20"><span class='ocrx_word' id='word_1_300' title='bbox 146 3325 191 3381; x_wconf 88' lang='lat' dir='ltr'>pa.</span> <span class='ocrx_word' id='word_1_301' title='bbox 207 3306 309 3362; x_wconf 88' lang='lat' dir='ltr'>intima</span> <span class='ocrx_word' id='word_1_302' title='bbox 330 3304 523 3360; x_wconf 84' lang='lat' dir='ltr'>familiaritate</span> <span class='ocrx_word' id='word_1_303' title='bbox 539 3303 711 3377; x_wconf 84' lang='lat' dir='ltr'>conjunctus</span> <span class='ocrx_word' id='word_1_304' title='bbox 734 3300 908 3356; x_wconf 88' lang='lat' dir='ltr'>adolescenti</span> <span class='ocrx_word' id='word_1_305' title='bbox 933 3299 1051 3364; x_wconf 62' lang='lat' dir='ltr'>Caesari,</span> 
     </span>
     <span class='ocr_line' id='line_1_40' title="bbox 145 3376 1053 3459; baseline -0.011 -19"><span class='ocrx_word' id='word_1_306' title='bbox 145 3403 235 3459; x_wconf 93' lang='lat' dir='ltr'>quum</span> <span class='ocrx_word' id='word_1_307' title='bbox 252 3394 366 3458; x_wconf 83' lang='lat' dir='ltr'>propter</span> <span class='ocrx_word' id='word_1_308' title='bbox 375 3401 458 3438; x_wconf 88' lang='lat' dir='ltr'>suam</span> <span class='ocrx_word' id='word_1_309' title='bbox 473 3383 596 3457; x_wconf 90' lang='lat' dir='ltr'>gratiam</span> <span class='ocrx_word' id='word_1_310' title='bbox 605 3391 634 3437; x_wconf 88' lang='lat' dir='ltr'>et</span> <span class='ocrx_word' id='word_1_311' title='bbox 645 3380 768 3437; x_wconf 86' lang='lat' dir='ltr'>Caesaris</span> <span class='ocrx_word' id='word_1_312' title='bbox 780 3379 932 3452; x_wconf 88' lang='lat' dir='ltr'>potentiam</span> <span class='ocrx_word' id='word_1_313' title='bbox 943 3376 1053 3431; x_wconf 90' lang='lat' dir='ltr'>nullius</span> 
     </span>
     <span class='ocr_line' id='line_1_41' title="bbox 146 3452 1110 3534; baseline -0.015 -15"><span class='ocrx_word' id='word_1_314' title='bbox 146 3462 317 3519; x_wconf 85' lang='lat' dir='ltr'>condrnonis</span> <span class='ocrx_word' id='word_1_315' title='bbox 332 3480 387 3517; x_wconf 92' lang='lat' dir='ltr'>non</span> <span class='ocrx_word' id='word_1_316' title='bbox 402 3461 520 3517; x_wconf 90' lang='lat' dir='ltr'>haberet</span> <span class='ocrx_word' id='word_1_317' title='bbox 539 3468 715 3534; x_wconf 89' lang='lat' dir='ltr'>potestatem,</span> <span class='ocrx_word' id='word_1_318' title='bbox 730 3455 907 3531; x_wconf 91' lang='lat' dir='ltr'>potissimum</span> <span class='ocrx_word' id='word_1_319' title='bbox 922 3454 985 3526; x_wconf 89' lang='lat' dir='ltr'>ejus</span> <span class='ocrx_word' id='word_1_320' title='bbox 1006 3452 1054 3507; x_wconf 91' lang='lat' dir='ltr'>de·</span> <span class='ocrx_word' id='word_1_321' title='bbox 1109 3510 1110 3513; x_wconf 44' lang='lat'>,</span> 
     </span>
     <span class='ocr_line' id='line_1_42' title="bbox 146 3529 1054 3617; baseline -0.018 -19"><span class='ocrx_word' id='word_1_322' title='bbox 146 3539 250 3617; x_wconf 79' lang='lat' dir='ltr'>ligaret</span> <span class='ocrx_word' id='word_1_323' title='bbox 265 3539 440 3607; x_wconf 83' lang='lat' dir='ltr'>affinitatem,</span> <span class='ocrx_word' id='word_1_324' title='bbox 456 3546 680 3613; x_wconf 76' lang='lat' dir='ltr'>praeoptaretque</span> <span class='ocrx_word' id='word_1_325' title='bbox 703 3534 806 3608; x_wconf 89' lang='lat' dir='ltr'>equitis</span> <span class='ocrx_word' id='word_1_326' title='bbox 821 3531 944 3588; x_wconf 88' lang='lat' dir='ltr'>Romani</span> <span class='ocrx_word' id='word_1_327' title='bbox 962 3529 1054 3584; x_wconf 88' lang='lat' dir='ltr'>tiliam</span> 
     </span>
     <span class='ocr_line' id='line_1_43' title="bbox 146 3606 1093 3694; baseline -0.016 -17"><span class='ocrx_word' id='word_1_328' title='bbox 146 3636 355 3694; x_wconf 83' lang='lat' dir='ltr'>generosarum</span> <span class='ocrx_word' id='word_1_329' title='bbox 369 3617 487 3693; x_wconf 81' lang='lat' dir='ltr'>nuptiis.</span> <span class='ocrx_word' id='word_1_330' title='bbox 529 3616 626 3692; x_wconf 88' lang='lat' dir='ltr'>Atque</span> <span class='ocrx_word' id='word_1_331' title='bbox 648 3615 754 3672; x_wconf 89' lang='lat' dir='ltr'>harum</span> <span class='ocrx_word' id='word_1_332' title='bbox 774 3609 940 3689; x_wconf 83' lang='lat' dir='ltr'>nuptiarum</span> <span class='ocrx_word' id='word_1_333' title='bbox 960 3606 1052 3663; x_wconf 89' lang='lat' dir='ltr'>conci-</span> <span class='ocrx_word' id='word_1_334' title='bbox 1073 3609 1093 3662; x_wconf 85' lang='lat'><strong>2</strong></span> 
     </span>
    </p>
   </div>
   <div class='ocr_carea' id='block_1_4' title="bbox 0 0 1242 4080">
    <p class='ocr_par' dir='ltr' id='par_1_6' title="bbox 0 0 1242 4080">
     <span class='ocr_line' id='line_1_44' title="bbox 0 0 1242 4080; baseline 0 1"><span class='ocrx_word' id='word_1_335' title='bbox 0 0 1242 4080; x_wconf 95' lang='lat' dir='ltr'> </span> 
     </span>
    </p>
   </div>
  </div>
 </body>
</html>
