2474 4080
179 281 220 342 28
413 272 470 336 VI.
514 280 543 348 2,
560 279 588 335 3.
632 269 832 354 (Lysander.)

173 422 311 479 factiosus
323 420 470 492 audaxque
482 419 594 488 fuisset,
606 418 649 475 sic
661 419 717 475 sibi
728 417 856 486 indulsit,
866 427 897 473 ut
911 418 973 493 ejus
984 437 1075 508 opera

173 500 204 557 in
217 500 371 556 maximum
385 498 480 554 odium
502 462 623 553 Graeciae
645 461 858 553 Lacedaemoni
878 498 1074 570 pervenerint.

134 582 242 675 4405
292 577 367 633 Nam
377 575 540 648 quumhanc
548 594 662 630 causam
671 573 883 630 Lacedaemoitn
892 575 1077 632 dictitassent

186 637 258 725 mff„
293 655 348 711 sthi
358 674 425 710 esse
434 654 513 722 belh
522 664 552 708 ut
561 652 798 708 Atheniensium
791 663 976 724 impotentem
984 653 1076 710 domi·

187 736 259 822 necem
292 733 437 788 nationem
472 697 671 804 refringerent,
699 742 848 805 postquam
876 730 951 804 apud
977 732 1075 805 AEgos

175 795 189 822 ⁸
247 795 267 821 ¹¹
293 812 398 866 fiumen
411 810 561 885 LJsander
571 809 674 864 classrs
686 808 810 863 host1um
822 818 866 863 est
877 819 992 880 pot1tus
1001 808 1074 865 nihi*

176 889 252 944 aliud
263 890 377 945 molitus
394 900 438 945 est
440 906 542 960 ,quam
552 897 582 942 01
593 905 693 942 omnes
706 885 836 940 civitates
853 886 882 941 in
897 905 949 941 sua
963 897 1077 943 teneret

175 978 326 1040 potestate,
347 986 431 1040 qnum
455 967 485 1021 id
509 985 541 1021 se
564 963 846 1020 Lacedaemoniorum
868 982 957 1019 causa
977 963 1075 1021 facere

137 1050 154 1100 5
176 1046 332 1100 simularet.
374 1045 504 1133 Namque
529 1043 662 1115 undique,
677 1042 725 1113 qui
746 1041 968 1097 Atheniensium
988 1044 1076 1099 rebus
1094 1048 1137 1125 fl

176 1123 362 1191 studuissent,
377 1123 490 1197 ejectis,
505 1122 607 1177 decem
621 1119 789 1208 delegerat
783 1139 812 1175 m
825 1137 992 1203 unaquaque
1005 1119 1076 1177 civi·

175 1209 242 1268 tate,
256 1201 357 1271 quibus
372 1219 512 1255 summum
532 1199 682 1286 imperium
702 1208 928 1271 potestatemque
950 1198 1078 1255 omnium

176 1295 270 1333 rerum
285 1278 481 1333 committeret.
517 1276 648 1332 Horum
641 1295 671 1331 ιιι
685 1294 832 1332 numerum
845 1294 930 1331 nemo
946 1275 1076 1332 admitto·

176 1356 306 1423 batur,
279 1355 336 1411 nisi
347 1356 394 1428 qni
407 1367 454 1410 ant
468 1357 530 1430 ejus
545 1354 670 1428 hospitio
682 1354 883 1423 contineretur,
895 1365 943 1409 eut
954 1373 987 1410 se
997 1354 1077 1410 illius

177 1431 237 1488 fore
252 1434 395 1507 proprium
409 1434 464 1489 fide
481 1434 667 1488 confirmarat.

140 1516 154 1570 1
217 1511 257 1567 ΙΙ.
280 1512 324 1567 Ita
338 1511 523 1567 decemvirali
536 1521 677 1585 potestate
692 1511 720 1565 in
736 1511 865 1566 omnibus
880 1511 996 1566 urbibus
1009 1529 1090 1568 cons

178 1590 283 1658 stituta,
298 1589 389 1663 ipsius
404 1600 473 1644 nutu
487 1591 581 1645 omnia
596 1590 774 1663 gerebantur.
818 1589 907 1663 Cujus
923 1589 958 1644 de
975 1590 1077 1646 crude·

142 1704 147 1713 ·
177 1668 256 1724 litate
279 1687 313 1723 ac
334 1668 453 1741 perfidia
474 1668 544 1724 satis
567 1678 611 1723 est
633 1686 718 1722 unam
738 1685 807 1736 rem,
829 1668 955 1741 exempli
976 1669 1077 1742 gratia,
1150 1726 1156 1735 ,

178 1745 314 1821 proferre,
328 1766 365 1802 ue
387 1747 422 1802 de
445 1746 546 1802 eodem
567 1746 648 1821 plura
669 1745 863 1801 enumerando
886 1745 1089 1819 defatigemus⁸

139 1829 157 1881 2
178 1825 313 1881 lectores,
348 1825 448 1880 Victor
458 1844 495 1880 ex
506 1826 577 1880 Asia
588 1843 672 1896 quum
681 1833 878 1891 reverteretur,
891 1824 1077 1898 Thasumque

179 1904 359 1973 devertisset,
373 1905 447 1977 quod
468 1923 504 1959 ea
525 1904 627 1960 civitas
648 1902 793 1977 praecipua
815 1902 871 1957 fide
894 1901 986 1957 suerat
1009 1921 1078 1977 erga

179 1982 385 2052 Athenienses,
393 1983 513 2055 proinde
529 2002 561 2037 ac
575 1983 599 2037 si
609 1982 696 2037 iidem
707 1980 862 2035 firmissimi
872 1981 998 2036 solerent
1009 1999 1078 2038 esse

180 2060 274 2128 amici,
289 2061 336 2148 qui
360 2072 524 2117 constantes
546 2060 669 2115 fuissent
689 2059 808 2126 inimici,
830 2077 894 2114 eam
910 2071 1078 2132 pervertere
1155 2090 1158 2097 ·

141 2141 157 2192 3
180 2137 354 2209 concupivit.
335 2138 470 2192 tVidit
491 2148 594 2204 autem,
609 2136 666 2191 nisi
688 2136 717 2190 in
733 2155 767 2190 eo
788 2138 884 2192 occult
874 2147 964 2192 tasset
977 2137 1078 2193 volun·

178 2225 274 2282 tatem,
290 2214 419 2282 futurum,
440 2226 470 2268 ut
491 2215 594 2269 Phasii
615 2214 815 2280 dilaberentur,
838 2215 1078 2288 consulerentque

179 2293 264 2347 rebus
280 2292 350 2346 suis
393 2291 578 2363 ltaque†††

143 2374 155 2426 1
219 2370 275 2425 Ill.
318 2369 333 2435 1
361 2370 376 2436 1
402 2369 417 2435 1
445 2364 667 2424 decemviralem
696 2387 777 2423 suam
803 2381 973 2442 potestatem
1005 2371 1077 2448 [sui]

181 2449 215 2502 ab
238 2447 288 2502 1110
311 2448 491 2503 constitutam
513 2458 574 2503 sust
564 2449 696 2504 tulerunt
738 2447 802 2512 Quo
824 2448 946 2503 dolore
939 2467 1078 2506 incensus
1165 2490 1171 2501 .

180 2525 243 2581 iniit
272 2526 402 2594 consilia,
430 2545 515 2601 reges
545 2525 825 2583 Lacedaemoniorum
851 2527 961 2582 tollere
1017 2528 1079 2585 Sed

181 2604 331 2674 sentiebat,
359 2605 388 2661 id
410 2625 442 2662 se
466 2605 529 2662 sine
555 2624 610 2679 ope
639 2605 755 2660 deorum
777 2604 873 2660 facere
896 2623 953 2660 non
980 2624 1079 2680 posse,

179 2683 253 2756 quod
279 2684 493 2741 Lacedaemonii
517 2685 612 2740 omnia
633 2684 669 2739 ad
689 2684 805 2738 oracula
825 2683 932 2738 referre
956 2702 1079 2740 consue·

139 2766 158 2816 2
180 2774 288 2818 verant,
344 2764 471 2819 Primum
500 2763 631 2836 Delphos
665 2780 845 2835 corrumpere
874 2771 920 2816 est
947 2773 1078 2818 conatus

181 2840 277 2904 Quum
299 2840 329 2896 id
349 2860 406 2896 non
427 2839 578 2914 potuisset,
594 2841 744 2896 Dodonam
767 2840 881 2897 adortus
902 2850 955 2894 cst.
998 2840 1077 2896 Hinc

180 2935 291 2989 quoque
316 2918 448 2990 repulsus
476 2918 556 2985 dixit,
580 2936 611 2972 se
632 2928 696 2972 vota
720 2918 896 2991 suscepisse,
924 2936 986 2989 quae
1014 2918 1080 2974 Jovi

181 2993 336 3049 Hammoni
357 2996 499 3050 solveret:
524 2995 701 3061 existimans,
721 3014 752 3050 se
775 2995 860 3051 Afros
881 2995 995 3051 facilius
1017 3015 1079 3051 cor·

141 3075 158 3128 3
180 3081 332 3145 rupturum.
376 3072 440 3127 Hac
455 3091 506 3145 spe
528 3090 612 3144 quum
632 3071 775 3145 profectus
798 3085 876 3129 esset
897 3074 927 3129 in
942 3073 1079 3144 Africam,

179 3149 297 3204 multum
324 3168 389 3205 eum
413 3150 554 3205 antistites
579 3150 658 3205 Jovis
686 3150 856 3207 fefellerunt.
918 3152 994 3208 Nam
1014 3171 1080 3209 uon

180 3227 273 3281 solum
299 3228 439 3301 corrumpi
460 3247 517 3283 non
539 3239 697 3302 potuerunt,
713 3230 765 3284 sed
781 3230 867 3285 etiam
889 3231 1000 3304 legatos
1025 3231 1080 3286 La-

181 3304 346 3361 ccdaemona
366 3307 514 3374 miserunt,
535 3307 583 3378 qui
605 3307 786 3380 Lysandrum
805 3319 983 3377 accusarent,
1004 3309 1079 3380 quod

141 3388 158 3439 4
181 3383 313 3438 sacerdot
303 3395 346 3439 tes
362 3383 420 3439 fani
443 3402 623 3471 corrumpere
646 3395 729 3439 conat
730 3404 763 3440 us
780 3396 866 3440 esset.
916 3388 1079 3442 Accusatus

202 3485 239 3523 395
298 3461 353 3517 hoc
371 3463 498 3529 crimine,
509 3464 692 3537 judicumque
702 3464 847 3519 absolutus
858 3474 972 3518 sentent
973 3465 1019 3531 im,
1027 3465 1080 3520 Or·

176 3534 234 3573 ⁸⁸⁰
247 3545 268 3573 ¹¹
299 3540 718 3608 chemeniismissussubsidio‚
725 3540 841 3596 occisus
852 3507 1079 3599 estaThebhnis

140 3620 159 3675 t
180 3618 256 3694 apud
281 3618 452 3676 Haliartum
495 3618 590 3683 Quam
610 3637 679 3674 vere
701 3584 737 3674 de
761 3636 797 3675 eo
819 3617 891 3674 soret
910 3617 1079 3692 judicatum,
