<?xml version="1.0" encoding="UTF-8"?>
<!DOCTYPE html PUBLIC "-//W3C//DTD XHTML 1.0 Transitional//EN"
    "http://www.w3.org/TR/xhtml1/DTD/xhtml1-transitional.dtd">
<html xmlns="http://www.w3.org/1999/xhtml" xml:lang="en" lang="en">
 <head>
  <title>
</title>
<meta http-equiv="Content-Type" content="text/html;charset=utf-8" />
  <meta name='ocr-system' content='tesseract 3.04.00' />
  <meta name='ocr-capabilities' content='ocr_page ocr_carea ocr_par ocr_line ocrx_word'/>
</head>
<body>
  <div class='ocr_page' id='page_1' title='image "./corneliusneposw00nepogoog_0094.png"; bbox 0 0 2474 4080; ppageno 0'>
   <div class='ocr_carea' id='block_1_1' title="bbox 364 217 1064 347">
    <p class='ocr_par' dir='ltr' id='par_1_1' title="bbox 364 217 1064 347">
     <span class='ocr_line' id='line_1_1' title="bbox 364 217 1064 347; baseline -0.003 -16"><span class='ocrx_word' id='word_1_1' title='bbox 364 258 498 331; x_wconf 71' lang='lat' dir='ltr'><em>xxm:</em></span> <span class='ocrx_word' id='word_1_2' title='bbox 535 271 562 340; x_wconf 91' lang='lat'><em>1,</em></span> <span class='ocrx_word' id='word_1_3' title='bbox 577 270 607 329; x_wconf 82' lang='lat'><em>2.</em></span> <span class='ocrx_word' id='word_1_4' title='bbox 653 217 857 347; x_wconf 69' lang='lat' dir='ltr'><em>(ainana.)</em></span> <span class='ocrx_word' id='word_1_5' title='bbox 1020 269 1064 329; x_wconf 78' lang='lat' dir='ltr'><em>ee</em></span> 
     </span>
    </p>
   </div>
   <div class='ocr_carea' id='block_1_2' title="bbox 287 652 905 730">
    <p class='ocr_par' dir='ltr' id='par_1_2' title="bbox 287 652 905 730">
     <span class='ocr_line' id='line_1_2' title="bbox 287 652 905 730; baseline -0.008 0"><span class='ocrx_word' id='word_1_6' title='bbox 287 652 493 730; x_wconf 89' lang='lat' dir='ltr'>XXIII.</span> <span class='ocrx_word' id='word_1_7' title='bbox 545 652 905 727; x_wconf 83' lang='lat' dir='ltr'>HANNIBAL</span> 
     </span>
    </p>
   </div>
   <div class='ocr_carea' id='block_1_3' title="bbox 144 961 1102 3770">
    <p class='ocr_par' dir='ltr' id='par_1_3' title="bbox 150 961 1102 2119">
     <span class='ocr_line' id='line_1_3' title="bbox 193 961 1101 1042; baseline -0.001 -22"><span class='ocrx_word' id='word_1_8' title='bbox 193 962 217 1020; x_wconf 91' lang='lat'><em>1.</em></span> <span class='ocrx_word' id='word_1_9' title='bbox 240 962 396 1034; x_wconf 76' lang='lat' dir='ltr'><em>Hannibal,</em></span> <span class='ocrx_word' id='word_1_10' title='bbox 419 961 595 1021; x_wconf 70' lang='lat' dir='ltr'><em>Hamilcaris</em></span> <span class='ocrx_word' id='word_1_11' title='bbox 609 962 702 1042; x_wconf 76' lang='lat' dir='ltr'><em>filius,</em></span> <span class='ocrx_word' id='word_1_12' title='bbox 731 961 982 1038; x_wconf 71' lang='lat' dir='ltr'><em>Carthaginiensis.</em></span> <span class='ocrx_word' id='word_1_13' title='bbox 1033 963 1064 1019; x_wconf 85' lang='lat' dir='ltr'><em>Si</em></span> <span class='ocrx_word' id='word_1_14' title='bbox 1087 967 1101 1019; x_wconf 94' lang='lat'>1</span> 
     </span>
     <span class='ocr_line' id='line_1_4' title="bbox 153 1041 1065 1118; baseline 0 -20"><span class='ocrx_word' id='word_1_15' title='bbox 153 1057 257 1099; x_wconf 83' lang='lat' dir='ltr'><em>verum</em></span> <span class='ocrx_word' id='word_1_16' title='bbox 282 1054 333 1113; x_wconf 89' lang='lat' dir='ltr'><em>est,</em></span> <span class='ocrx_word' id='word_1_17' title='bbox 355 1043 430 1118; x_wconf 93' lang='lat' dir='ltr'><em>quod</em></span> <span class='ocrx_word' id='word_1_18' title='bbox 459 1061 544 1099; x_wconf 91' lang='lat' dir='ltr'><em>nemo</em></span> <span class='ocrx_word' id='word_1_19' title='bbox 568 1043 688 1111; x_wconf 84' lang='lat' dir='ltr'><em>dubitat,</em></span> <span class='ocrx_word' id='word_1_20' title='bbox 715 1052 746 1099; x_wconf 88' lang='lat' dir='ltr'><em>ut</em></span> <span class='ocrx_word' id='word_1_21' title='bbox 768 1043 891 1116; x_wconf 90' lang='lat' dir='ltr'><em>populus</em></span> <span class='ocrx_word' id='word_1_22' title='bbox 915 1041 1065 1098; x_wconf 90' lang='lat' dir='ltr'><em>Romanus</em></span> 
     </span>
     <span class='ocr_line' id='line_1_5' title="bbox 153 1120 1063 1198; baseline -0.001 -21"><span class='ocrx_word' id='word_1_23' title='bbox 153 1139 253 1178; x_wconf 84' lang='lat' dir='ltr'><em>ornnes</em></span> <span class='ocrx_word' id='word_1_24' title='bbox 280 1133 379 1198; x_wconf 85' lang='lat' dir='ltr'><em>gentes</em></span> <span class='ocrx_word' id='word_1_25' title='bbox 404 1122 510 1178; x_wconf 87' lang='lat' dir='ltr'><em>virtute</em></span> <span class='ocrx_word' id='word_1_26' title='bbox 537 1123 693 1196; x_wconf 88' lang='lat' dir='ltr'><em>superarit,</em></span> <span class='ocrx_word' id='word_1_27' title='bbox 720 1139 777 1177; x_wconf 91' lang='lat' dir='ltr'><em>non</em></span> <span class='ocrx_word' id='word_1_28' title='bbox 802 1131 844 1177; x_wconf 91' lang='lat' dir='ltr'><em>est</em></span> <span class='ocrx_word' id='word_1_29' title='bbox 871 1120 1063 1189; x_wconf 85' lang='lat' dir='ltr'><em>infitiandum,</em></span> 
     </span>
     <span class='ocr_line' id='line_1_6' title="bbox 153 1197 1063 1276; baseline -0.001 -21"><span class='ocrx_word' id='word_1_30' title='bbox 153 1197 351 1257; x_wconf 85' lang='lat' dir='ltr'><em>Hannibalem</em></span> <span class='ocrx_word' id='word_1_31' title='bbox 375 1210 454 1257; x_wconf 87' lang='lat' dir='ltr'><em>tanto</em></span> <span class='ocrx_word' id='word_1_32' title='bbox 478 1202 643 1276; x_wconf 82' lang='lat' dir='ltr'><em>praestitisse</em></span> <span class='ocrx_word' id='word_1_33' title='bbox 665 1210 775 1257; x_wconf 90' lang='lat' dir='ltr'><em>ceteros</em></span> <span class='ocrx_word' id='word_1_34' title='bbox 796 1201 983 1275; x_wconf 75' lang='lat' dir='ltr'><em>imperatores</em></span> <span class='ocrx_word' id='word_1_35' title='bbox 999 1218 1063 1273; x_wconf 91' lang='lat' dir='ltr'><em>prn-</em></span> 
     </span>
     <span class='ocr_line' id='line_1_7' title="bbox 153 1275 1064 1355; baseline 0.001 -22"><span class='ocrx_word' id='word_1_36' title='bbox 153 1275 259 1348; x_wconf 84' lang='lat' dir='ltr'><em>dentin,</em></span> <span class='ocrx_word' id='word_1_37' title='bbox 275 1289 381 1353; x_wconf 90' lang='lat' dir='ltr'><em>quanto</em></span> <span class='ocrx_word' id='word_1_38' title='bbox 406 1280 530 1355; x_wconf 92' lang='lat' dir='ltr'><em>populus</em></span> <span class='ocrx_word' id='word_1_39' title='bbox 554 1279 704 1335; x_wconf 88' lang='lat' dir='ltr'><em>Romanus</em></span> <span class='ocrx_word' id='word_1_40' title='bbox 725 1278 876 1334; x_wconf 80' lang='lat' dir='ltr'><em>antecedat</em></span> <span class='ocrx_word' id='word_1_41' title='bbox 899 1277 1064 1335; x_wconf 78' lang='lat' dir='ltr'><em>fortitudine</em></span> 
     </span>
     <span class='ocr_line' id='line_1_8' title="bbox 153 1357 1102 1432; baseline 0 -21"><span class='ocrx_word' id='word_1_42' title='bbox 153 1367 276 1414; x_wconf 84' lang='lat' dir='ltr'><em>cunctas</em></span> <span class='ocrx_word' id='word_1_43' title='bbox 299 1359 437 1414; x_wconf 86' lang='lat' dir='ltr'><em>nationes.</em></span> <span class='ocrx_word' id='word_1_44' title='bbox 479 1357 559 1414; x_wconf 90' lang='lat' dir='ltr'><em>Nam</em></span> <span class='ocrx_word' id='word_1_45' title='bbox 583 1358 820 1432; x_wconf 85' lang='lat' dir='ltr'><em>quotiescumque</em></span> <span class='ocrx_word' id='word_1_46' title='bbox 845 1376 912 1413; x_wconf 89' lang='lat' dir='ltr'><em>cum</em></span> <span class='ocrx_word' id='word_1_47' title='bbox 938 1377 972 1413; x_wconf 87' lang='lat' dir='ltr'><em>eo</em></span> <span class='ocrx_word' id='word_1_48' title='bbox 997 1375 1062 1413; x_wconf 88' lang='lat' dir='ltr'><em>con·</em></span> <span class='ocrx_word' id='word_1_49' title='bbox 1084 1360 1102 1411; x_wconf 85' lang='lat'><strong>2</strong></span> 
     </span>
     <span class='ocr_line' id='line_1_9' title="bbox 152 1435 1063 1512; baseline 0.001 -23"><span class='ocrx_word' id='word_1_50' title='bbox 152 1452 272 1510; x_wconf 83' lang='lat' dir='ltr'><em>gressus</em></span> <span class='ocrx_word' id='word_1_51' title='bbox 286 1446 329 1493; x_wconf 90' lang='lat' dir='ltr'><em>est</em></span> <span class='ocrx_word' id='word_1_52' title='bbox 354 1435 490 1504; x_wconf 86' lang='lat' dir='ltr'><em>initalia,</em></span> <span class='ocrx_word' id='word_1_53' title='bbox 506 1454 620 1512; x_wconf 84' lang='lat' dir='ltr'><em>semper</em></span> <span class='ocrx_word' id='word_1_54' title='bbox 644 1435 775 1493; x_wconf 85' lang='lat' dir='ltr'><em>discessit</em></span> <span class='ocrx_word' id='word_1_55' title='bbox 795 1437 935 1509; x_wconf 84' lang='lat' dir='ltr'><em>superior.</em></span> <span class='ocrx_word' id='word_1_56' title='bbox 977 1435 1063 1499; x_wconf 82' lang='lat' dir='ltr'><em>Quod</em></span> 
     </span>
     <span class='ocr_line' id='line_1_10' title="bbox 152 1513 1062 1581; baseline 0.001 -13"><span class='ocrx_word' id='word_1_57' title='bbox 152 1513 208 1569; x_wconf 90' lang='lat' dir='ltr'><em>nisi</em></span> <span class='ocrx_word' id='word_1_58' title='bbox 231 1513 308 1571; x_wconf 91' lang='lat' dir='ltr'><em>domi</em></span> <span class='ocrx_word' id='word_1_59' title='bbox 332 1515 441 1572; x_wconf 87' lang='lat' dir='ltr'><em>civium</em></span> <span class='ocrx_word' id='word_1_60' title='bbox 456 1533 575 1571; x_wconf 90' lang='lat' dir='ltr'><em>suornm</em></span> <span class='ocrx_word' id='word_1_61' title='bbox 600 1514 709 1570; x_wconf 89' lang='lat' dir='ltr'><em>invidia</em></span> <span class='ocrx_word' id='word_1_62' title='bbox 729 1514 893 1571; x_wconf 85' lang='lat' dir='ltr'><em>debilitatus</em></span> <span class='ocrx_word' id='word_1_63' title='bbox 907 1524 990 1581; x_wconf 86' lang='lat' dir='ltr'><em>esset,</em></span> <span class='ocrx_word' id='word_1_64' title='bbox 1007 1514 1062 1569; x_wconf 89' lang='lat' dir='ltr'><em>Ro-</em></span> 
     </span>
     <span class='ocr_line' id='line_1_11' title="bbox 153 1592 1060 1667; baseline 0.003 -21"><span class='ocrx_word' id='word_1_65' title='bbox 153 1609 255 1650; x_wconf 87' lang='lat' dir='ltr'><em>manos</em></span> <span class='ocrx_word' id='word_1_66' title='bbox 270 1592 418 1649; x_wconf 87' lang='lat' dir='ltr'><em>videretur</em></span> <span class='ocrx_word' id='word_1_67' title='bbox 432 1611 570 1667; x_wconf 88' lang='lat' dir='ltr'><em>superare</em></span> <span class='ocrx_word' id='word_1_68' title='bbox 586 1594 721 1667; x_wconf 87' lang='lat' dir='ltr'><em>potuisse.</em></span> <span class='ocrx_word' id='word_1_69' title='bbox 763 1592 820 1649; x_wconf 87' lang='lat' dir='ltr'><em>Sed</em></span> <span class='ocrx_word' id='word_1_70' title='bbox 842 1594 999 1650; x_wconf 90' lang='lat' dir='ltr'><em>multorum</em></span> <span class='ocrx_word' id='word_1_71' title='bbox 1014 1593 1060 1649; x_wconf 92' lang='lat' dir='ltr'><em>ob-</em></span> 
     </span>
     <span class='ocr_line' id='line_1_12' title="bbox 151 1670 1102 1728; baseline -0.001 -1"><span class='ocrx_word' id='word_1_72' title='bbox 151 1672 284 1728; x_wconf 86' lang='lat' dir='ltr'><em>trectatio</em></span> <span class='ocrx_word' id='word_1_73' title='bbox 298 1670 405 1728; x_wconf 86' lang='lat' dir='ltr'><em>devicit</em></span> <span class='ocrx_word' id='word_1_74' title='bbox 431 1674 517 1728; x_wconf 91' lang='lat' dir='ltr'><em>unius</em></span> <span class='ocrx_word' id='word_1_75' title='bbox 533 1672 678 1728; x_wconf 87' lang='lat' dir='ltr'><em>virtutem.</em></span> <span class='ocrx_word' id='word_1_76' title='bbox 721 1671 780 1727; x_wconf 90' lang='lat' dir='ltr'><em>Hic</em></span> <span class='ocrx_word' id='word_1_77' title='bbox 796 1681 892 1727; x_wconf 88' lang='lat' dir='ltr'><em>autem</em></span> <span class='ocrx_word' id='word_1_78' title='bbox 908 1672 989 1728; x_wconf 87' lang='lat' dir='ltr'><em>velut</em></span> <span class='ocrx_word' id='word_1_79' title='bbox 1014 1671 1061 1726; x_wconf 90' lang='lat' dir='ltr'><em>he·</em></span> <span class='ocrx_word' id='word_1_80' title='bbox 1084 1674 1102 1726; x_wconf 84' lang='lat'><strong>3</strong></span> 
     </span>
     <span class='ocr_line' id='line_1_13' title="bbox 152 1747 1062 1825; baseline 0.001 -21"><span class='ocrx_word' id='word_1_81' title='bbox 152 1747 273 1806; x_wconf 85' lang='lat' dir='ltr'><em>reditate</em></span> <span class='ocrx_word' id='word_1_82' title='bbox 297 1750 432 1813; x_wconf 86' lang='lat' dir='ltr'><em>relictum</em></span> <span class='ocrx_word' id='word_1_83' title='bbox 459 1750 555 1806; x_wconf 90' lang='lat' dir='ltr'><em>odium</em></span> <span class='ocrx_word' id='word_1_84' title='bbox 581 1760 734 1824; x_wconf 84' lang='lat' dir='ltr'><em>paternum</em></span> <span class='ocrx_word' id='word_1_85' title='bbox 756 1768 826 1825; x_wconf 86' lang='lat' dir='ltr'><em>erga</em></span> <span class='ocrx_word' id='word_1_86' title='bbox 852 1749 995 1806; x_wconf 87' lang='lat' dir='ltr'><em>Romanos</em></span> <span class='ocrx_word' id='word_1_87' title='bbox 1020 1750 1062 1805; x_wconf 90' lang='lat' dir='ltr'><em>sio</em></span> 
     </span>
     <span class='ocr_line' id='line_1_14' title="bbox 151 1827 1062 1903; baseline -0.001 -20"><span class='ocrx_word' id='word_1_88' title='bbox 151 1829 345 1894; x_wconf 87' lang='lat' dir='ltr'><em>conservavit,</em></span> <span class='ocrx_word' id='word_1_89' title='bbox 362 1838 393 1884; x_wconf 89' lang='lat' dir='ltr'><em>ut</em></span> <span class='ocrx_word' id='word_1_90' title='bbox 407 1829 488 1903; x_wconf 91' lang='lat' dir='ltr'><em>prius</em></span> <span class='ocrx_word' id='word_1_91' title='bbox 503 1829 639 1896; x_wconf 86' lang='lat' dir='ltr'><em>animem,</em></span> <span class='ocrx_word' id='word_1_92' title='bbox 651 1847 739 1903; x_wconf 86' lang='lat' dir='ltr'><em>quam</em></span> <span class='ocrx_word' id='word_1_93' title='bbox 755 1827 792 1896; x_wconf 90' lang='lat' dir='ltr'><em>id,</em></span> <span class='ocrx_word' id='word_1_94' title='bbox 807 1827 988 1902; x_wconf 87' lang='lat' dir='ltr'><em>deposuerit:</em></span> <span class='ocrx_word' id='word_1_95' title='bbox 1010 1828 1062 1902; x_wconf 91' lang='lat' dir='ltr'><em>qui</em></span> 
     </span>
     <span class='ocr_line' id='line_1_15' title="bbox 151 1905 1061 1983; baseline 0 -23"><span class='ocrx_word' id='word_1_96' title='bbox 151 1905 279 1979; x_wconf 89' lang='lat' dir='ltr'><em>quidem,</em></span> <span class='ocrx_word' id='word_1_97' title='bbox 294 1925 387 1981; x_wconf 89' lang='lat' dir='ltr'><em>quum</em></span> <span class='ocrx_word' id='word_1_98' title='bbox 408 1907 501 1983; x_wconf 85' lang='lat' dir='ltr'><em>patria</em></span> <span class='ocrx_word' id='word_1_99' title='bbox 516 1907 619 1981; x_wconf 88' lang='lat' dir='ltr'><em>pulsus</em></span> <span class='ocrx_word' id='word_1_100' title='bbox 634 1916 718 1973; x_wconf 86' lang='lat' dir='ltr'><em>esset,</em></span> <span class='ocrx_word' id='word_1_101' title='bbox 734 1916 762 1962; x_wconf 91' lang='lat' dir='ltr'><em>et</em></span> <span class='ocrx_word' id='word_1_102' title='bbox 788 1906 950 1963; x_wconf 86' lang='lat' dir='ltr'><em>alienarum</em></span> <span class='ocrx_word' id='word_1_103' title='bbox 975 1924 1061 1979; x_wconf 92' lang='lat' dir='ltr'><em>opum</em></span> 
     </span>
     <span class='ocr_line' id='line_1_16' title="bbox 150 1983 1061 2060; baseline -0.001 -20"><span class='ocrx_word' id='word_1_104' title='bbox 150 1983 304 2060; x_wconf 86' lang='lat' dir='ltr'><em>indigeret,</em></span> <span class='ocrx_word' id='word_1_105' title='bbox 319 2003 479 2060; x_wconf 77' lang='lat' dir='ltr'><em>numquam</em></span> <span class='ocrx_word' id='word_1_106' title='bbox 501 1984 642 2042; x_wconf 87' lang='lat' dir='ltr'><em>destiterit</em></span> <span class='ocrx_word' id='word_1_107' title='bbox 667 1985 763 2040; x_wconf 89' lang='lat' dir='ltr'><em>animo</em></span> <span class='ocrx_word' id='word_1_108' title='bbox 784 1984 893 2040; x_wconf 85' lang='lat' dir='ltr'><em>bellare</em></span> <span class='ocrx_word' id='word_1_109' title='bbox 916 2002 983 2040; x_wconf 90' lang='lat' dir='ltr'><em>cum</em></span> <span class='ocrx_word' id='word_1_110' title='bbox 1006 1984 1061 2039; x_wconf 89' lang='lat' dir='ltr'><em>Ro-</em></span> 
     </span>
     <span class='ocr_line' id='line_1_17' title="bbox 151 2081 257 2119; baseline 0.009 -1"><span class='ocrx_word' id='word_1_111' title='bbox 151 2081 257 2119; x_wconf 76' lang='lat' dir='ltr'><em>manis.</em></span> 
     </span>
    </p>

    <p class='ocr_par' dir='ltr' id='par_1_4' title="bbox 144 2139 1100 3713">
     <span class='ocr_line' id='line_1_18' title="bbox 190 2139 1098 2218; baseline -0.001 -20"><span class='ocrx_word' id='word_1_112' title='bbox 190 2139 229 2198; x_wconf 83' lang='grc' dir='ltr'><em>ΙΙ.</em></span> <span class='ocrx_word' id='word_1_113' title='bbox 251 2141 331 2198; x_wconf 86' lang='lat' dir='ltr'><em>Nam</em></span> <span class='ocrx_word' id='word_1_114' title='bbox 346 2153 377 2198; x_wconf 91' lang='lat' dir='ltr'><em>ut</em></span> <span class='ocrx_word' id='word_1_115' title='bbox 391 2142 520 2199; x_wconf 90' lang='lat' dir='ltr'><em>omittam</em></span> <span class='ocrx_word' id='word_1_116' title='bbox 535 2142 709 2217; x_wconf 86' lang='lat' dir='ltr'><em>Philippum,</em></span> <span class='ocrx_word' id='word_1_117' title='bbox 724 2161 812 2218; x_wconf 89' lang='lat' dir='ltr'><em>quem</em></span> <span class='ocrx_word' id='word_1_118' title='bbox 827 2141 931 2197; x_wconf 83' lang='lat' dir='ltr'><em>absens</em></span> <span class='ocrx_word' id='word_1_119' title='bbox 952 2141 1061 2198; x_wconf 88' lang='lat' dir='ltr'><em>hostem</em></span> <span class='ocrx_word' id='word_1_120' title='bbox 1084 2145 1098 2197; x_wconf 94' lang='lat'>1</span> 
     </span>
     <span class='ocr_line' id='line_1_19' title="bbox 150 2220 1061 2297; baseline 0.001 -21"><span class='ocrx_word' id='word_1_121' title='bbox 150 2220 273 2277; x_wconf 81' lang='lat' dir='ltr'><em>reddidit</em></span> <span class='ocrx_word' id='word_1_122' title='bbox 288 2220 445 2277; x_wconf 88' lang='lat' dir='ltr'><em>Romanis:</em></span> <span class='ocrx_word' id='word_1_123' title='bbox 461 2222 588 2278; x_wconf 90' lang='lat' dir='ltr'><em>omnium</em></span> <span class='ocrx_word' id='word_1_124' title='bbox 604 2222 648 2277; x_wconf 89' lang='lat' dir='ltr'><em>his</em></span> <span class='ocrx_word' id='word_1_125' title='bbox 663 2222 838 2297; x_wconf 86' lang='lat' dir='ltr'><em>temporibus</em></span> <span class='ocrx_word' id='word_1_126' title='bbox 849 2222 1061 2294; x_wconf 88' lang='lat' dir='ltr'><em>potentissimus</em></span> 
     </span>
     <span class='ocr_line' id='line_1_20' title="bbox 150 2297 1061 2376; baseline 0.002 -22"><span class='ocrx_word' id='word_1_127' title='bbox 150 2316 202 2355; x_wconf 85' lang='lat' dir='ltr'><em>rex</em></span> <span class='ocrx_word' id='word_1_128' title='bbox 231 2299 396 2355; x_wconf 82' lang='lat' dir='ltr'><em>Antiochus</em></span> <span class='ocrx_word' id='word_1_129' title='bbox 422 2297 485 2355; x_wconf 86' lang='lat' dir='ltr'><em>fnit.</em></span> <span class='ocrx_word' id='word_1_130' title='bbox 527 2300 617 2359; x_wconf 91' lang='lat' dir='ltr'><em>Hunc</em></span> <span class='ocrx_word' id='word_1_131' title='bbox 645 2310 725 2356; x_wconf 87' lang='lat' dir='ltr'><em>tanta</em></span> <span class='ocrx_word' id='word_1_132' title='bbox 750 2301 905 2376; x_wconf 85' lang='lat' dir='ltr'><em>cupiditate</em></span> <span class='ocrx_word' id='word_1_133' title='bbox 934 2300 1061 2356; x_wconf 85' lang='lat' dir='ltr'><em>incendit</em></span> 
     </span>
     <span class='ocr_line' id='line_1_21' title="bbox 150 2377 1059 2452; baseline 0.001 -20"><span class='ocrx_word' id='word_1_134' title='bbox 150 2377 287 2443; x_wconf 88' lang='lat' dir='ltr'><em>bellandi,</em></span> <span class='ocrx_word' id='word_1_135' title='bbox 297 2387 329 2434; x_wconf 94' lang='lat' dir='ltr'><em>ut</em></span> <span class='ocrx_word' id='word_1_136' title='bbox 344 2396 435 2452; x_wconf 89' lang='lat' dir='ltr'><em>usque</em></span> <span class='ocrx_word' id='word_1_137' title='bbox 452 2379 571 2434; x_wconf 89' lang='lat' dir='ltr'><em>arubro</em></span> <span class='ocrx_word' id='word_1_138' title='bbox 586 2380 659 2434; x_wconf 86' lang='lat' dir='ltr'><em>mari</em></span> <span class='ocrx_word' id='word_1_139' title='bbox 674 2397 755 2435; x_wconf 84' lang='lat' dir='ltr'><em>arma</em></span> <span class='ocrx_word' id='word_1_140' title='bbox 767 2390 887 2436; x_wconf 89' lang='lat' dir='ltr'><em>conatus</em></span> <span class='ocrx_word' id='word_1_141' title='bbox 901 2380 937 2435; x_wconf 91' lang='lat' dir='ltr'><em>sit</em></span> <span class='ocrx_word' id='word_1_142' title='bbox 951 2377 1059 2434; x_wconf 86' lang='lat' dir='ltr'><em>inferre</em></span> 
     </span>
     <span class='ocr_line' id='line_1_22' title="bbox 150 2454 1100 2532; baseline 0 -20"><span class='ocrx_word' id='word_1_143' title='bbox 150 2454 252 2512; x_wconf 82' lang='lat' dir='ltr'><em>ltaliae.</em></span> <span class='ocrx_word' id='word_1_144' title='bbox 296 2456 344 2511; x_wconf 82' lang='lat' dir='ltr'><em>Ad</em></span> <span class='ocrx_word' id='word_1_145' title='bbox 365 2475 452 2531; x_wconf 89' lang='lat' dir='ltr'><em>quern</em></span> <span class='ocrx_word' id='word_1_146' title='bbox 468 2475 557 2530; x_wconf 91' lang='lat' dir='ltr'><em>quum</em></span> <span class='ocrx_word' id='word_1_147' title='bbox 584 2457 671 2532; x_wconf 86' lang='lat' dir='ltr'><em>legati</em></span> <span class='ocrx_word' id='word_1_148' title='bbox 694 2459 838 2514; x_wconf 88' lang='lat' dir='ltr'><em>venissent</em></span> <span class='ocrx_word' id='word_1_149' title='bbox 861 2456 994 2525; x_wconf 86' lang='lat' dir='ltr'><em>Romani,</em></span> <span class='ocrx_word' id='word_1_150' title='bbox 1009 2458 1059 2532; x_wconf 93' lang='lat' dir='ltr'><em>qui</em></span> <span class='ocrx_word' id='word_1_151' title='bbox 1081 2460 1100 2511; x_wconf 79' lang='lat'>2</span> 
     </span>
     <span class='ocr_line' id='line_1_23' title="bbox 150 2533 1060 2610; baseline 0.001 -21"><span class='ocrx_word' id='word_1_152' title='bbox 150 2533 186 2590; x_wconf 86' lang='lat' dir='ltr'><em>de</em></span> <span class='ocrx_word' id='word_1_153' title='bbox 201 2534 265 2608; x_wconf 86' lang='lat' dir='ltr'><em>ejus</em></span> <span class='ocrx_word' id='word_1_154' title='bbox 274 2536 421 2592; x_wconf 84' lang='lat' dir='ltr'><em>voluntate</em></span> <span class='ocrx_word' id='word_1_155' title='bbox 431 2535 615 2609; x_wconf 86' lang='lat' dir='ltr'><em>explorarent</em></span> <span class='ocrx_word' id='word_1_156' title='bbox 635 2535 792 2609; x_wconf 85' lang='lat' dir='ltr'><em>darentque</em></span> <span class='ocrx_word' id='word_1_157' title='bbox 801 2553 917 2610; x_wconf 91' lang='lat' dir='ltr'><em>operam</em></span> <span class='ocrx_word' id='word_1_158' title='bbox 933 2537 1060 2591; x_wconf 90' lang='lat' dir='ltr'><em>consiliis</em></span> 
     </span>
     <span class='ocr_line' id='line_1_24' title="bbox 150 2612 1059 2687; baseline -0.002 -18"><span class='ocrx_word' id='word_1_159' title='bbox 150 2612 347 2681; x_wconf 84' lang='lat' dir='ltr'><em>clandestinis,</em></span> <span class='ocrx_word' id='word_1_160' title='bbox 364 2624 394 2669; x_wconf 90' lang='lat' dir='ltr'><em>ut</em></span> <span class='ocrx_word' id='word_1_161' title='bbox 417 2612 614 2670; x_wconf 88' lang='lat' dir='ltr'><em>Hannibalem</em></span> <span class='ocrx_word' id='word_1_162' title='bbox 635 2613 664 2669; x_wconf 86' lang='lat' dir='ltr'><em>in</em></span> <span class='ocrx_word' id='word_1_163' title='bbox 679 2614 872 2687; x_wconf 86' lang='lat' dir='ltr'><em>suspicionem</em></span> <span class='ocrx_word' id='word_1_164' title='bbox 887 2614 948 2687; x_wconf 91' lang='lat' dir='ltr'><em>regi</em></span> <span class='ocrx_word' id='word_1_165' title='bbox 973 2613 1059 2668; x_wconf 87' lang='lat' dir='ltr'><em>addu-</em></span> 
     </span>
     <span class='ocr_line' id='line_1_25' title="bbox 149 2691 1059 2768; baseline -0.003 -21"><span class='ocrx_word' id='word_1_166' title='bbox 149 2702 260 2759; x_wconf 86' lang='lat' dir='ltr'><em>cerent,</em></span> <span class='ocrx_word' id='word_1_167' title='bbox 275 2702 424 2766; x_wconf 86' lang='lat' dir='ltr'><em>tamquam</em></span> <span class='ocrx_word' id='word_1_168' title='bbox 445 2693 481 2748; x_wconf 90' lang='lat' dir='ltr'><em>ab</em></span> <span class='ocrx_word' id='word_1_169' title='bbox 501 2694 571 2768; x_wconf 91' lang='lat' dir='ltr'><em>ipsis</em></span> <span class='ocrx_word' id='word_1_170' title='bbox 585 2703 753 2767; x_wconf 88' lang='lat' dir='ltr'><em>corruptum</em></span> <span class='ocrx_word' id='word_1_171' title='bbox 775 2691 841 2758; x_wconf 86' lang='lat' dir='ltr'><em>alia,</em></span> <span class='ocrx_word' id='word_1_172' title='bbox 858 2701 944 2764; x_wconf 87' lang='lat' dir='ltr'><em>atque</em></span> <span class='ocrx_word' id='word_1_173' title='bbox 966 2701 1059 2757; x_wconf 85' lang='lat' dir='ltr'><em>antea,</em></span> 
     </span>
     <span class='ocr_line' id='line_1_26' title="bbox 148 2767 1059 2846; baseline -0.002 -20"><span class='ocrx_word' id='word_1_174' title='bbox 148 2769 276 2840; x_wconf 83' lang='lat' dir='ltr'><em>sentire3</em></span> <span class='ocrx_word' id='word_1_175' title='bbox 311 2788 405 2846; x_wconf 89' lang='lat' dir='ltr'><em>neque</em></span> <span class='ocrx_word' id='word_1_176' title='bbox 433 2771 462 2827; x_wconf 93' lang='lat' dir='ltr'><em>id</em></span> <span class='ocrx_word' id='word_1_177' title='bbox 488 2770 594 2828; x_wconf 86' lang='lat' dir='ltr'><em>frustra</em></span> <span class='ocrx_word' id='word_1_178' title='bbox 620 2770 765 2838; x_wconf 86' lang='lat' dir='ltr'><em>fecissent,</em></span> <span class='ocrx_word' id='word_1_179' title='bbox 796 2768 882 2844; x_wconf 91' lang='lat' dir='ltr'><em>idque</em></span> <span class='ocrx_word' id='word_1_180' title='bbox 910 2767 1059 2824; x_wconf 86' lang='lat' dir='ltr'><em>Hannibal</em></span> 
     </span>
     <span class='ocr_line' id='line_1_27' title="bbox 148 2847 1059 2924; baseline -0.002 -20"><span class='ocrx_word' id='word_1_181' title='bbox 148 2848 345 2923; x_wconf 86' lang='lat' dir='ltr'><em>comperisset,</em></span> <span class='ocrx_word' id='word_1_182' title='bbox 369 2869 459 2924; x_wconf 87' lang='lat' dir='ltr'><em>seque</em></span> <span class='ocrx_word' id='word_1_183' title='bbox 483 2851 519 2906; x_wconf 90' lang='lat' dir='ltr'><em>ab</em></span> <span class='ocrx_word' id='word_1_184' title='bbox 544 2849 730 2906; x_wconf 87' lang='lat' dir='ltr'><em>interioribus</em></span> <span class='ocrx_word' id='word_1_185' title='bbox 758 2848 886 2904; x_wconf 88' lang='lat' dir='ltr'><em>consiliis</em></span> <span class='ocrx_word' id='word_1_186' title='bbox 910 2847 1059 2924; x_wconf 84' lang='lat' dir='ltr'><em>segregari</em></span> 
     </span>
     <span class='ocr_line' id='line_1_28' title="bbox 149 2925 1099 3004; baseline 0.001 -22"><span class='ocrx_word' id='word_1_187' title='bbox 149 2925 285 2983; x_wconf 87' lang='lat' dir='ltr'><em>vidisset:</em></span> <span class='ocrx_word' id='word_1_188' title='bbox 301 2938 428 3002; x_wconf 87' lang='lat' dir='ltr'><em>tempore</em></span> <span class='ocrx_word' id='word_1_189' title='bbox 440 2927 505 2985; x_wconf 86' lang='lat' dir='ltr'><em>dato</em></span> <span class='ocrx_word' id='word_1_190' title='bbox 517 2929 587 2984; x_wconf 87' lang='lat' dir='ltr'><em>adiit</em></span> <span class='ocrx_word' id='word_1_191' title='bbox 597 2928 632 2984; x_wconf 90' lang='lat' dir='ltr'><em>ad</em></span> <span class='ocrx_word' id='word_1_192' title='bbox 648 2947 755 3004; x_wconf 89' lang='lat' dir='ltr'><em>regem,</em></span> <span class='ocrx_word' id='word_1_193' title='bbox 766 2928 850 3002; x_wconf 88' lang='lat' dir='ltr'><em>eique</em></span> <span class='ocrx_word' id='word_1_194' title='bbox 865 2945 956 3002; x_wconf 90' lang='lat' dir='ltr'><em>quum</em></span> <span class='ocrx_word' id='word_1_195' title='bbox 968 2926 1060 2983; x_wconf 87' lang='lat' dir='ltr'><em>multa</em></span> <span class='ocrx_word' id='word_1_196' title='bbox 1081 2929 1099 2983; x_wconf 83' lang='lat'><strong>3</strong></span> 
     </span>
     <span class='ocr_line' id='line_1_29' title="bbox 148 3004 1059 3074; baseline 0.002 -14"><span class='ocrx_word' id='word_1_197' title='bbox 148 3004 183 3060; x_wconf 90' lang='lat' dir='ltr'><em>de</em></span> <span class='ocrx_word' id='word_1_198' title='bbox 209 3005 267 3061; x_wconf 90' lang='lat' dir='ltr'><em>fida</em></span> <span class='ocrx_word' id='word_1_199' title='bbox 288 3025 342 3062; x_wconf 88' lang='lat' dir='ltr'><em>sua</em></span> <span class='ocrx_word' id='word_1_200' title='bbox 366 3017 394 3062; x_wconf 88' lang='lat' dir='ltr'><em>et</em></span> <span class='ocrx_word' id='word_1_201' title='bbox 419 3006 482 3064; x_wconf 89' lang='lat' dir='ltr'><em>odio</em></span> <span class='ocrx_word' id='word_1_202' title='bbox 506 3008 534 3062; x_wconf 93' lang='lat' dir='ltr'><em>in</em></span> <span class='ocrx_word' id='word_1_203' title='bbox 561 3007 708 3063; x_wconf 85' lang='lat' dir='ltr'><em>Romanos</em></span> <span class='ocrx_word' id='word_1_204' title='bbox 729 3017 990 3074; x_wconf 87' lang='lat' dir='ltr'><em>commemorasset,</em></span> <span class='ocrx_word' id='word_1_205' title='bbox 1007 3006 1059 3062; x_wconf 90' lang='lat' dir='ltr'><em>hoc</em></span> 
     </span>
     <span class='ocr_line' id='line_1_30' title="bbox 148 3082 1059 3160; baseline 0.005 -22"><span class='ocrx_word' id='word_1_206' title='bbox 148 3082 298 3157; x_wconf 84' lang='lat' dir='ltr'><em>adjunxit:</em></span> <span class='ocrx_word' id='word_1_207' title='bbox 321 3082 421 3154; x_wconf 89' lang='lat' dir='ltr'><em>Pater,</em></span> <span class='ocrx_word' id='word_1_208' title='bbox 446 3086 549 3160; x_wconf 89' lang='lat' dir='ltr'><em>inquit,</em></span> <span class='ocrx_word' id='word_1_209' title='bbox 574 3105 660 3154; x_wconf 86' lang='lat' dir='ltr'><em>mens,</em></span> <span class='ocrx_word' id='word_1_210' title='bbox 686 3082 843 3152; x_wconf 87' lang='lat' dir='ltr'><em>Hamilcar,</em></span> <span class='ocrx_word' id='word_1_211' title='bbox 865 3087 985 3158; x_wconf 80' lang='lat' dir='ltr'><em>puerulo</em></span> <span class='ocrx_word' id='word_1_212' title='bbox 1008 3105 1059 3154; x_wconf 91' lang='lat' dir='ltr'><em>me,</em></span> 
     </span>
     <span class='ocr_line' id='line_1_31' title="bbox 147 3161 1058 3238; baseline 0.004 -22"><span class='ocrx_word' id='word_1_213' title='bbox 147 3170 237 3237; x_wconf 66' lang='lat' dir='ltr'><em>remote</em></span> <span class='ocrx_word' id='word_1_214' title='bbox 251 3181 306 3218; x_wconf 88' lang='lat' dir='ltr'><em>non</em></span> <span class='ocrx_word' id='word_1_215' title='bbox 320 3165 441 3236; x_wconf 82' lang='lat' dir='ltr'><em>amplius</em></span> <span class='ocrx_word' id='word_1_216' title='bbox 464 3183 559 3220; x_wconf 84' lang='lat' dir='ltr'><em>nonem</em></span> <span class='ocrx_word' id='word_1_217' title='bbox 573 3183 661 3220; x_wconf 89' lang='lat' dir='ltr'><em>annos</em></span> <span class='ocrx_word' id='word_1_218' title='bbox 674 3172 746 3232; x_wconf 89' lang='lat' dir='ltr'><em>nato,</em></span> <span class='ocrx_word' id='word_1_219' title='bbox 769 3166 798 3220; x_wconf 91' lang='lat' dir='ltr'><em>in</em></span> <span class='ocrx_word' id='word_1_220' title='bbox 820 3161 989 3238; x_wconf 81' lang='lat' dir='ltr'><em>Hispaniam</em></span> <span class='ocrx_word' id='word_1_221' title='bbox 1010 3167 1058 3220; x_wconf 88' lang='lat' dir='ltr'><em>im-</em></span> 
     </span>
     <span class='ocr_line' id='line_1_32' title="bbox 144 3241 1059 3319; baseline 0.003 -23"><span class='ocrx_word' id='word_1_222' title='bbox 144 3250 259 3315; x_wconf 83' lang='lat' dir='ltr'><em>perator</em></span> <span class='ocrx_word' id='word_1_223' title='bbox 270 3241 449 3319; x_wconf 71' lang='lat' dir='ltr'><em>preficiscens</em></span> <span class='ocrx_word' id='word_1_224' title='bbox 473 3242 651 3317; x_wconf 85' lang='lat' dir='ltr'><em>Carthagine,</em></span> <span class='ocrx_word' id='word_1_225' title='bbox 667 3241 733 3298; x_wconf 87' lang='lat' dir='ltr'><em>Javi</em></span> <span class='ocrx_word' id='word_1_226' title='bbox 745 3246 844 3315; x_wconf 78' lang='lat' dir='ltr'><em>optineo</em></span> <span class='ocrx_word' id='word_1_227' title='bbox 864 3247 981 3299; x_wconf 80' lang='lat' dir='ltr'><em>maximo</em></span> <span class='ocrx_word' id='word_1_228' title='bbox 999 3243 1059 3299; x_wconf 87' lang='lat' dir='ltr'><em>hos-</em></span> 
     </span>
     <span class='ocr_line' id='line_1_33' title="bbox 147 3319 1098 3399; baseline 0.005 -26"><span class='ocrx_word' id='word_1_229' title='bbox 147 3321 202 3374; x_wconf 89' lang='lat' dir='ltr'><em>tias</em></span> <span class='ocrx_word' id='word_1_230' title='bbox 216 3321 377 3376; x_wconf 82' lang='lat' dir='ltr'><em>immolavit.</em></span> <span class='ocrx_word' id='word_1_231' title='bbox 423 3319 492 3392; x_wconf 81' lang='lat' dir='ltr'><em>Qua</em></span> <span class='ocrx_word' id='word_1_232' title='bbox 513 3323 609 3378; x_wconf 88' lang='lat' dir='ltr'><em>divina</em></span> <span class='ocrx_word' id='word_1_233' title='bbox 632 3340 679 3378; x_wconf 88' lang='lat' dir='ltr'><em>res</em></span> <span class='ocrx_word' id='word_1_234' title='bbox 694 3322 758 3377; x_wconf 88' lang='lat' dir='ltr'><em>dmm</em></span> <span class='ocrx_word' id='word_1_235' title='bbox 773 3320 973 3399; x_wconf 84' lang='lat' dir='ltr'><em>conficiebatur,</em></span> <span class='ocrx_word' id='word_1_236' title='bbox 988 3341 1058 3395; x_wconf 83' lang='lat' dir='ltr'><em>qna·</em></span> <span class='ocrx_word' id='word_1_237' title='bbox 1080 3325 1098 3378; x_wconf 86' lang='lat'>4</span> 
     </span>
     <span class='ocr_line' id='line_1_34' title="bbox 146 3399 1060 3478; baseline 0.002 -26"><span class='ocrx_word' id='word_1_238' title='bbox 146 3401 211 3454; x_wconf 88' lang='lat' dir='ltr'><em>sivit</em></span> <span class='ocrx_word' id='word_1_239' title='bbox 225 3418 242 3454; x_wconf 91' lang='lat' dir='ltr'><em>a</em></span> <span class='ocrx_word' id='word_1_240' title='bbox 258 3418 308 3467; x_wconf 90' lang='lat' dir='ltr'><em>me,</em></span> <span class='ocrx_word' id='word_1_241' title='bbox 324 3401 455 3456; x_wconf 85' lang='lat' dir='ltr'><em>vellemne</em></span> <span class='ocrx_word' id='word_1_242' title='bbox 470 3418 563 3456; x_wconf 86' lang='lat' dir='ltr'><em>secum</em></span> <span class='ocrx_word' id='word_1_243' title='bbox 576 3403 606 3455; x_wconf 92' lang='lat' dir='ltr'><em>in</em></span> <span class='ocrx_word' id='word_1_244' title='bbox 622 3410 716 3456; x_wconf 89' lang='lat' dir='ltr'><em>castra</em></span> <span class='ocrx_word' id='word_1_245' title='bbox 726 3400 894 3478; x_wconf 80' lang='lat' dir='ltr'><em>proficisci?</em></span> <span class='ocrx_word' id='word_1_246' title='bbox 928 3399 964 3455; x_wconf 85' lang='lat' dir='ltr'><em>Ia</em></span> <span class='ocrx_word' id='word_1_247' title='bbox 978 3419 1060 3473; x_wconf 84' lang='lat' dir='ltr'><em>qnam</em></span> 
     </span>
     <span class='ocr_line' id='line_1_35' title="bbox 146 3476 1059 3551; baseline 0 -19"><span class='ocrx_word' id='word_1_248' title='bbox 146 3476 262 3534; x_wconf 84' lang='lat' dir='ltr'><em>libenter</em></span> <span class='ocrx_word' id='word_1_249' title='bbox 276 3481 453 3550; x_wconf 80' lang='lat' dir='ltr'><em>accepissem,</em></span> <span class='ocrx_word' id='word_1_250' title='bbox 469 3488 549 3551; x_wconf 88' lang='lat' dir='ltr'><em>atque</em></span> <span class='ocrx_word' id='word_1_251' title='bbox 563 3478 599 3534; x_wconf 83' lang='lat' dir='ltr'><em>ab</em></span> <span class='ocrx_word' id='word_1_252' title='bbox 613 3497 643 3535; x_wconf 90' lang='lat' dir='ltr'><em>ea</em></span> <span class='ocrx_word' id='word_1_253' title='bbox 658 3487 751 3550; x_wconf 82' lang='lat' dir='ltr'><em>petere</em></span> <span class='ocrx_word' id='word_1_254' title='bbox 767 3481 914 3550; x_wconf 73' lang='lat' dir='ltr'><em>cepissem,</em></span> <span class='ocrx_word' id='word_1_255' title='bbox 930 3497 963 3534; x_wconf 90' lang='lat' dir='ltr'><em>ne</em></span> <span class='ocrx_word' id='word_1_256' title='bbox 981 3478 1059 3532; x_wconf 83' lang='lat' dir='ltr'><em>dnbi-</em></span> 
     </span>
     <span class='ocr_line' id='line_1_36' title="bbox 146 3554 1060 3635; baseline 0.001 -25"><span class='ocrx_word' id='word_1_257' title='bbox 146 3563 216 3612; x_wconf 86' lang='lat' dir='ltr'><em>taret</em></span> <span class='ocrx_word' id='word_1_258' title='bbox 230 3557 331 3613; x_wconf 86' lang='lat' dir='ltr'><em>ducere</em></span> <span class='ocrx_word' id='word_1_259' title='bbox 343 3577 357 3624; x_wconf 90' lang='lat'><em>,·</em></span> <span class='ocrx_word' id='word_1_260' title='bbox 379 3565 435 3613; x_wconf 87' lang='lat' dir='ltr'><em>tum</em></span> <span class='ocrx_word' id='word_1_261' title='bbox 449 3557 505 3625; x_wconf 88' lang='lat' dir='ltr'><em>ille,</em></span> <span class='ocrx_word' id='word_1_262' title='bbox 511 3554 633 3632; x_wconf 87' lang='lat' dir='ltr'><em>faciam,</em></span> <span class='ocrx_word' id='word_1_263' title='bbox 649 3559 745 3631; x_wconf 85' lang='lat' dir='ltr'><em>inquit,</em></span> <span class='ocrx_word' id='word_1_264' title='bbox 757 3559 784 3613; x_wconf 91' lang='lat' dir='ltr'><em>si</em></span> <span class='ocrx_word' id='word_1_265' title='bbox 788 3556 876 3635; x_wconf 84' lang='lat' dir='ltr'><em>fldem</em></span> <span class='ocrx_word' id='word_1_266' title='bbox 889 3555 964 3621; x_wconf 88' lang='lat' dir='ltr'><em>mihi,</em></span> <span class='ocrx_word' id='word_1_267' title='bbox 979 3573 1060 3628; x_wconf 90' lang='lat' dir='ltr'><em>qnam</em></span> 
     </span>
     <span class='ocr_line' id='line_1_37' title="bbox 144 3632 1061 3713; baseline -0.002 -23"><span class='ocrx_word' id='word_1_268' title='bbox 144 3635 261 3707; x_wconf 81' lang='lat' dir='ltr'><em>postulo,</em></span> <span class='ocrx_word' id='word_1_269' title='bbox 277 3636 400 3713; x_wconf 37' lang='lat' dir='ltr'><em>dederis..</em></span> <span class='ocrx_word' id='word_1_270' title='bbox 445 3632 538 3692; x_wconf 82' lang='lat' dir='ltr'><em>Simul</em></span> <span class='ocrx_word' id='word_1_271' title='bbox 548 3653 590 3692; x_wconf 89' lang='lat' dir='ltr'><em>ma</em></span> <span class='ocrx_word' id='word_1_272' title='bbox 604 3637 642 3691; x_wconf 88' lang='lat' dir='ltr'><em>ad</em></span> <span class='ocrx_word' id='word_1_273' title='bbox 655 3654 735 3692; x_wconf 91' lang='lat' dir='ltr'><em>aram</em></span> <span class='ocrx_word' id='word_1_274' title='bbox 748 3635 873 3699; x_wconf 81' lang='lat' dir='ltr'><em>adducet,</em></span> <span class='ocrx_word' id='word_1_275' title='bbox 888 3633 965 3704; x_wconf 80' lang='lat' dir='ltr'><em>apud</em></span> <span class='ocrx_word' id='word_1_276' title='bbox 978 3651 1061 3707; x_wconf 82' lang='lat' dir='ltr'><em>quarn</em></span> 
     </span>
    </p>

    <p class='ocr_par' dir='ltr' id='par_1_5' title="bbox 586 3712 622 3770">
     <span class='ocr_line' id='line_1_38' title="bbox 586 3712 622 3770; baseline 0 -23"><span class='ocrx_word' id='word_1_277' title='bbox 586 3712 622 3770; x_wconf 72' lang='lat' dir='ltr'><em>gs</em></span> 
     </span>
    </p>
   </div>
   <div class='ocr_carea' id='block_1_4' title="bbox 0 0 1242 4080">
    <p class='ocr_par' dir='ltr' id='par_1_6' title="bbox 0 0 1242 4080">
     <span class='ocr_line' id='line_1_39' title="bbox 0 0 1242 4080; baseline 0 2"><span class='ocrx_word' id='word_1_278' title='bbox 0 0 1242 4080; x_wconf 95' lang='lat' dir='ltr'><em> </em></span> 
     </span>
    </p>
   </div>
  </div>
 </body>
</html>
