<?xml version="1.0" encoding="UTF-8"?>
<!DOCTYPE html PUBLIC "-//W3C//DTD XHTML 1.0 Transitional//EN"
    "http://www.w3.org/TR/xhtml1/DTD/xhtml1-transitional.dtd">
<html xmlns="http://www.w3.org/1999/xhtml" xml:lang="en" lang="en">
 <head>
  <title>
</title>
<meta http-equiv="Content-Type" content="text/html;charset=utf-8" />
  <meta name='ocr-system' content='tesseract 3.04.00' />
  <meta name='ocr-capabilities' content='ocr_page ocr_carea ocr_par ocr_line ocrx_word'/>
</head>
<body>
  <div class='ocr_page' id='page_1' title='image "./corneliusneposw00nepogoog_0017.png"; bbox 0 0 2474 4080; ppageno 0'>
   <div class='ocr_carea' id='block_1_1' title="bbox 189 243 835 342">
    <p class='ocr_par' dir='ltr' id='par_1_1' title="bbox 189 243 835 342">
     <span class='ocr_line' id='line_1_1' title="bbox 189 243 835 342; baseline -0.006 -29"><span class='ocrx_word' id='word_1_1' title='bbox 189 256 229 313; x_wconf 67' lang='grc' dir='ltr'><strong>ιε</strong></span> <span class='ocrx_word' id='word_1_2' title='bbox 459 247 482 309; x_wconf 78' lang='lat' dir='ltr'><strong>r</strong></span> <span class='ocrx_word' id='word_1_3' title='bbox 519 254 549 322; x_wconf 77' lang='lat' dir='ltr'><strong>a,</strong></span> <span class='ocrx_word' id='word_1_4' title='bbox 565 254 595 310; x_wconf 76' lang='lat' dir='ltr'><strong>a.</strong></span> <span class='ocrx_word' id='word_1_5' title='bbox 627 243 835 342; x_wconf 56' lang='lat' dir='ltr'><strong>gurm.)</strong></span> 
     </span>
    </p>
   </div>
   <div class='ocr_carea' id='block_1_2' title="bbox 62 389 1093 3665">
    <p class='ocr_par' dir='ltr' id='par_1_2' title="bbox 185 389 1087 619">
     <span class='ocr_line' id='line_1_2' title="bbox 185 389 1087 468; baseline -0.007 -17"><span class='ocrx_word' id='word_1_6' title='bbox 185 404 274 463; x_wconf 86' lang='lat' dir='ltr'><strong>tores,</strong></span> <span class='ocrx_word' id='word_1_7' title='bbox 288 394 337 468; x_wconf 93' lang='lat' dir='ltr'><strong>qui</strong></span> <span class='ocrx_word' id='word_1_8' title='bbox 351 393 491 451; x_wconf 87' lang='lat' dir='ltr'><strong>exercitui</strong></span> <span class='ocrx_word' id='word_1_9' title='bbox 508 402 675 467; x_wconf 74' lang='lat' dir='ltr'><strong>praeessent,</strong></span> <span class='ocrx_word' id='word_1_10' title='bbox 689 391 720 447; x_wconf 91' lang='lat' dir='ltr'><strong>in</strong></span> <span class='ocrx_word' id='word_1_11' title='bbox 734 390 779 459; x_wconf 87' lang='lat' dir='ltr'><strong>eis</strong></span> <span class='ocrx_word' id='word_1_12' title='bbox 794 389 966 447; x_wconf 80' lang='lat' dir='ltr'><strong>Miltiadem.</strong></span> <span class='ocrx_word' id='word_1_13' title='bbox 1007 389 1087 446; x_wconf 82' lang='lat' dir='ltr'><strong>Inter</strong></span> 
     </span>
     <span class='ocr_line' id='line_1_3' title="bbox 187 466 1087 547; baseline -0.006 -19"><span class='ocrx_word' id='word_1_14' title='bbox 187 490 259 546; x_wconf 88' lang='lat' dir='ltr'><strong>ques</strong></span> <span class='ocrx_word' id='word_1_15' title='bbox 278 491 382 547; x_wconf 87' lang='lat' dir='ltr'><strong>magna</strong></span> <span class='ocrx_word' id='word_1_16' title='bbox 402 471 454 527; x_wconf 86' lang='lat' dir='ltr'><strong>fuit</strong></span> <span class='ocrx_word' id='word_1_17' title='bbox 473 470 627 537; x_wconf 78' lang='lat' dir='ltr'><strong>cententio,</strong></span> <span class='ocrx_word' id='word_1_18' title='bbox 642 480 734 525; x_wconf 92' lang='lat' dir='ltr'><strong>utrum</strong></span> <span class='ocrx_word' id='word_1_19' title='bbox 747 470 887 525; x_wconf 86' lang='lat' dir='ltr'><strong>moenibus</strong></span> <span class='ocrx_word' id='word_1_20' title='bbox 902 487 935 524; x_wconf 88' lang='lat' dir='ltr'><strong>se</strong></span> <span class='ocrx_word' id='word_1_21' title='bbox 950 466 1087 524; x_wconf 83' lang='lat' dir='ltr'><strong>desende-</strong></span> 
     </span>
     <span class='ocr_line' id='line_1_4' title="bbox 187 546 1086 619; baseline -0.008 -12"><span class='ocrx_word' id='word_1_22' title='bbox 187 561 260 618; x_wconf 87' lang='lat' dir='ltr'><strong>rent,</strong></span> <span class='ocrx_word' id='word_1_23' title='bbox 285 569 320 605; x_wconf 92' lang='lat' dir='ltr'><strong>an</strong></span> <span class='ocrx_word' id='word_1_24' title='bbox 348 550 460 605; x_wconf 89' lang='lat' dir='ltr'><strong>obviam</strong></span> <span class='ocrx_word' id='word_1_25' title='bbox 481 550 555 605; x_wconf 91' lang='lat' dir='ltr'><strong>irent</strong></span> <span class='ocrx_word' id='word_1_26' title='bbox 577 547 718 615; x_wconf 88' lang='lat' dir='ltr'><strong>hostibus,</strong></span> <span class='ocrx_word' id='word_1_27' title='bbox 739 547 860 619; x_wconf 80' lang='lat' dir='ltr'>acieque</span> <span class='ocrx_word' id='word_1_28' title='bbox 885 546 1086 602; x_wconf 82' lang='lat' dir='ltr'><strong>decernerent.</strong></span> 
     </span>
    </p>

    <p class='ocr_par' dir='ltr' id='par_1_3' title="bbox 149 624 1089 1074">
     <span class='ocr_line' id='line_1_5' title="bbox 149 624 1087 698; baseline -0.007 -13"><span class='ocrx_word' id='word_1_29' title='bbox 149 629 271 685; x_wconf 84' lang='lat' dir='ltr'><strong>5Uuus</strong></span> <span class='ocrx_word' id='word_1_30' title='bbox 299 626 449 685; x_wconf 75' lang='lat' dir='ltr'><strong>Miltiades</strong></span> <span class='ocrx_word' id='word_1_31' title='bbox 474 627 597 682; x_wconf 85' lang='lat' dir='ltr'><strong>maxime</strong></span> <span class='ocrx_word' id='word_1_32' title='bbox 625 626 777 693; x_wconf 81' lang='lat' dir='ltr'><strong>nitebatur,</strong></span> <span class='ocrx_word' id='word_1_33' title='bbox 800 639 831 680; x_wconf 93' lang='lat' dir='ltr'><strong>ut</strong></span> <span class='ocrx_word' id='word_1_34' title='bbox 857 624 948 698; x_wconf 88' lang='lat' dir='ltr'><strong>primo</strong></span> <span class='ocrx_word' id='word_1_35' title='bbox 976 641 1087 697; x_wconf 89' lang='lat' dir='ltr'><strong>queque</strong></span> 
     </span>
     <span class='ocr_line' id='line_1_6' title="bbox 188 701 1088 780; baseline -0.007 -18"><span class='ocrx_word' id='word_1_36' title='bbox 188 715 316 780; x_wconf 88' lang='lat' dir='ltr'><strong>tempore</strong></span> <span class='ocrx_word' id='word_1_37' title='bbox 330 716 425 761; x_wconf 81' lang='lat' dir='ltr'><strong>castra</strong></span> <span class='ocrx_word' id='word_1_38' title='bbox 442 706 553 761; x_wconf 90' lang='lat' dir='ltr'><strong>fierent.</strong></span> <span class='ocrx_word' id='word_1_39' title='bbox 595 703 630 761; x_wconf 91' lang='lat' dir='ltr'><strong>Id</strong></span> <span class='ocrx_word' id='word_1_40' title='bbox 650 704 676 760; x_wconf 89' lang='lat' dir='ltr'><strong>si</strong></span> <span class='ocrx_word' id='word_1_41' title='bbox 696 703 802 761; x_wconf 87' lang='lat' dir='ltr'><strong>sactum</strong></span> <span class='ocrx_word' id='word_1_42' title='bbox 824 713 912 771; x_wconf 88' lang='lat' dir='ltr'><strong>esset,</strong></span> <span class='ocrx_word' id='word_1_43' title='bbox 927 713 956 758; x_wconf 92' lang='lat' dir='ltr'><strong>et</strong></span> <span class='ocrx_word' id='word_1_44' title='bbox 977 701 1088 757; x_wconf 82' lang='lat' dir='ltr'><strong>civibus</strong></span> 
     </span>
     <span class='ocr_line' id='line_1_7' title="bbox 189 778 1088 856; baseline -0.007 -16"><span class='ocrx_word' id='word_1_45' title='bbox 189 785 314 840; x_wconf 88' lang='lat' dir='ltr'><strong>animum</strong></span> <span class='ocrx_word' id='word_1_46' title='bbox 334 802 530 853; x_wconf 77' lang='lat' dir='ltr'><strong>accessurum,</strong></span> <span class='ocrx_word' id='word_1_47' title='bbox 548 802 634 856; x_wconf 92' lang='lat' dir='ltr'><strong>quum</strong></span> <span class='ocrx_word' id='word_1_48' title='bbox 654 778 844 849; x_wconf 78' lang='lat' dir='ltr'><strong>viderent‚³de</strong></span> <span class='ocrx_word' id='word_1_49' title='bbox 865 798 964 836; x_wconf 92' lang='lat' dir='ltr'><strong>eorum</strong></span> <span class='ocrx_word' id='word_1_50' title='bbox 984 780 1088 835; x_wconf 88' lang='lat' dir='ltr'><strong>virtute</strong></span> 
     </span>
     <span class='ocr_line' id='line_1_8' title="bbox 188 857 1088 936; baseline -0.007 -18"><span class='ocrx_word' id='word_1_51' title='bbox 188 880 245 918; x_wconf 89' lang='lat' dir='ltr'><strong>non</strong></span> <span class='ocrx_word' id='word_1_52' title='bbox 270 861 427 936; x_wconf 86' lang='lat' dir='ltr'><strong>desperari,</strong></span> <span class='ocrx_word' id='word_1_53' title='bbox 448 871 477 917; x_wconf 90' lang='lat' dir='ltr'><strong>et</strong></span> <span class='ocrx_word' id='word_1_54' title='bbox 500 861 600 917; x_wconf 87' lang='lat' dir='ltr'><strong>hostes</strong></span> <span class='ocrx_word' id='word_1_55' title='bbox 626 861 729 916; x_wconf 89' lang='lat' dir='ltr'><strong>eadem</strong></span> <span class='ocrx_word' id='word_1_56' title='bbox 752 878 783 915; x_wconf 91' lang='lat' dir='ltr'><strong>re</strong></span> <span class='ocrx_word' id='word_1_57' title='bbox 808 858 868 915; x_wconf 84' lang='lat' dir='ltr'><strong>lore</strong></span> <span class='ocrx_word' id='word_1_58' title='bbox 891 858 1042 926; x_wconf 82' lang='lat' dir='ltr'><strong>tardiores,</strong></span> <span class='ocrx_word' id='word_1_59' title='bbox 1063 857 1088 912; x_wconf 88' lang='lat' dir='ltr'><strong>si</strong></span> 
     </span>
     <span class='ocr_line' id='line_1_9' title="bbox 189 935 1089 1010; baseline -0.007 -14"><span class='ocrx_word' id='word_1_60' title='bbox 189 940 455 1008; x_wconf 86' lang='lat' dir='ltr'><strong>animadverterent,</strong></span> <span class='ocrx_word' id='word_1_61' title='bbox 471 939 569 995; x_wconf 89' lang='lat' dir='ltr'><strong>auderi</strong></span> <span class='ocrx_word' id='word_1_62' title='bbox 589 939 729 994; x_wconf 88' lang='lat' dir='ltr'><strong>adversus</strong></span> <span class='ocrx_word' id='word_1_63' title='bbox 745 957 777 993; x_wconf 87' lang='lat' dir='ltr'><strong>se</strong></span> <span class='ocrx_word' id='word_1_64' title='bbox 795 948 852 992; x_wconf 90' lang='lat' dir='ltr'><strong>tam</strong></span> <span class='ocrx_word' id='word_1_65' title='bbox 867 935 980 1010; x_wconf 86' lang='lat' dir='ltr'><strong>exiguis</strong></span> <span class='ocrx_word' id='word_1_66' title='bbox 996 936 1089 1010; x_wconf 88' lang='lat' dir='ltr'><strong>copiis</strong></span> 
     </span>
     <span class='ocr_line' id='line_1_10' title="bbox 189 1018 337 1074; baseline 0 -1"><span class='ocrx_word' id='word_1_67' title='bbox 189 1018 337 1074; x_wconf 87' lang='lat' dir='ltr'><strong>dimicare.</strong></span> 
     </span>
    </p>

    <p class='ocr_par' dir='ltr' id='par_1_4' title="bbox 153 1091 1089 1323">
     <span class='ocr_line' id='line_1_11' title="bbox 153 1091 1089 1168; baseline -0.007 -15"><span class='ocrx_word' id='word_1_68' title='bbox 153 1100 166 1153; x_wconf 96' lang='lat'>1</span> <span class='ocrx_word' id='word_1_69' title='bbox 210 1096 247 1151; x_wconf 89' lang='lat' dir='ltr'><strong>V.</strong></span> <span class='ocrx_word' id='word_1_70' title='bbox 269 1096 335 1151; x_wconf 91' lang='lat' dir='ltr'><strong>Hoc</strong></span> <span class='ocrx_word' id='word_1_71' title='bbox 350 1095 380 1151; x_wconf 92' lang='lat' dir='ltr'><strong>in</strong></span> <span class='ocrx_word' id='word_1_72' title='bbox 393 1104 521 1168; x_wconf 90' lang='lat' dir='ltr'><strong>tempore</strong></span> <span class='ocrx_word' id='word_1_73' title='bbox 535 1095 615 1151; x_wconf 89' lang='lat' dir='ltr'><strong>nulla</strong></span> <span class='ocrx_word' id='word_1_74' title='bbox 627 1094 728 1150; x_wconf 89' lang='lat' dir='ltr'><strong>civitas</strong></span> <span class='ocrx_word' id='word_1_75' title='bbox 740 1093 966 1149; x_wconf 86' lang='lat' dir='ltr'><strong>Atheniensibus</strong></span> <span class='ocrx_word' id='word_1_76' title='bbox 982 1091 1089 1147; x_wconf 85' lang='lat' dir='ltr'><strong>auxilio</strong></span> 
     </span>
     <span class='ocr_line' id='line_1_12' title="bbox 189 1170 1089 1247; baseline -0.003 -19"><span class='ocrx_word' id='word_1_77' title='bbox 189 1172 242 1228; x_wconf 81' lang='lat' dir='ltr'><strong>suit</strong></span> <span class='ocrx_word' id='word_1_78' title='bbox 256 1185 357 1247; x_wconf 85' lang='lat' dir='ltr'><strong>praeter</strong></span> <span class='ocrx_word' id='word_1_79' title='bbox 369 1174 556 1229; x_wconf 87' lang='lat' dir='ltr'><strong>Plutaeenses.</strong></span> <span class='ocrx_word' id='word_1_80' title='bbox 591 1172 637 1228; x_wconf 90' lang='lat' dir='ltr'><strong>Ea</strong></span> <span class='ocrx_word' id='word_1_81' title='bbox 646 1173 726 1229; x_wconf 90' lang='lat' dir='ltr'><strong>mille</strong></span> <span class='ocrx_word' id='word_1_82' title='bbox 738 1172 815 1228; x_wconf 89' lang='lat' dir='ltr'><strong>misit</strong></span> <span class='ocrx_word' id='word_1_83' title='bbox 825 1172 955 1227; x_wconf 85' lang='lat' dir='ltr'><strong>militum.</strong></span> <span class='ocrx_word' id='word_1_84' title='bbox 989 1170 1089 1242; x_wconf 87' lang='lat' dir='ltr'><strong>ltaque</strong></span> 
     </span>
     <span class='ocr_line' id='line_1_13' title="bbox 190 1249 1087 1323; baseline -0.003 -17"><span class='ocrx_word' id='word_1_85' title='bbox 190 1250 290 1306; x_wconf 90' lang='lat' dir='ltr'><strong>horum</strong></span> <span class='ocrx_word' id='word_1_86' title='bbox 305 1249 427 1305; x_wconf 87' lang='lat' dir='ltr'><strong>adventu</strong></span> <span class='ocrx_word' id='word_1_87' title='bbox 446 1251 548 1306; x_wconf 90' lang='lat' dir='ltr'><strong>decem</strong></span> <span class='ocrx_word' id='word_1_88' title='bbox 566 1251 646 1306; x_wconf 86' lang='lat' dir='ltr'><strong>milia</strong></span> <span class='ocrx_word' id='word_1_89' title='bbox 666 1262 835 1306; x_wconf 88' lang='lat' dir='ltr'><strong>armatomm</strong></span> <span class='ocrx_word' id='word_1_90' title='bbox 850 1249 991 1323; x_wconf 88' lang='lat' dir='ltr'><strong>completa</strong></span> <span class='ocrx_word' id='word_1_91' title='bbox 1005 1258 1087 1304; x_wconf 88' lang='lat' dir='ltr'><strong>sunt:</strong></span> 
     </span>
    </p>

    <p class='ocr_par' dir='ltr' id='par_1_5' title="bbox 151 1326 1090 1559">
     <span class='ocr_line' id='line_1_14' title="bbox 151 1326 1090 1403; baseline -0.003 -19"><span class='ocrx_word' id='word_1_92' title='bbox 151 1333 169 1385; x_wconf 81' lang='lat'>2</span> <span class='ocrx_word' id='word_1_93' title='bbox 192 1347 253 1401; x_wconf 87' lang='lat' dir='ltr'><strong>quae</strong></span> <span class='ocrx_word' id='word_1_94' title='bbox 263 1347 364 1384; x_wconf 89' lang='lat' dir='ltr'><strong>manus</strong></span> <span class='ocrx_word' id='word_1_95' title='bbox 376 1328 498 1384; x_wconf 90' lang='lat' dir='ltr'><strong>mirabili</strong></span> <span class='ocrx_word' id='word_1_96' title='bbox 514 1328 649 1403; x_wconf 88' lang='lat' dir='ltr'><strong>flagrabat</strong></span> <span class='ocrx_word' id='word_1_97' title='bbox 662 1329 808 1403; x_wconf 88' lang='lat' dir='ltr'><strong>pugnandi</strong></span> <span class='ocrx_word' id='word_1_98' title='bbox 824 1328 988 1401; x_wconf 89' lang='lat' dir='ltr'><strong>cupiditate.</strong></span> <span class='ocrx_word' id='word_1_99' title='bbox 1024 1326 1090 1391; x_wconf 89' lang='lat' dir='ltr'><strong>Quo</strong></span> 
     </span>
     <span class='ocr_line' id='line_1_15' title="bbox 191 1404 1089 1481; baseline -0.002 -19"><span class='ocrx_word' id='word_1_100' title='bbox 191 1406 296 1462; x_wconf 85' lang='lat' dir='ltr'><strong>facturn</strong></span> <span class='ocrx_word' id='word_1_101' title='bbox 317 1417 371 1474; x_wconf 88' lang='lat' dir='ltr'><strong>est,</strong></span> <span class='ocrx_word' id='word_1_102' title='bbox 389 1418 418 1461; x_wconf 89' lang='lat' dir='ltr'><strong>ut</strong></span> <span class='ocrx_word' id='word_1_103' title='bbox 437 1407 512 1481; x_wconf 89' lang='lat' dir='ltr'><strong>plus,</strong></span> <span class='ocrx_word' id='word_1_104' title='bbox 533 1425 617 1479; x_wconf 93' lang='lat' dir='ltr'><strong>quam</strong></span> <span class='ocrx_word' id='word_1_105' title='bbox 639 1407 767 1480; x_wconf 75' lang='lat' dir='ltr'><strong>collega,</strong></span> <span class='ocrx_word' id='word_1_106' title='bbox 790 1406 938 1462; x_wconf 81' lang='lat' dir='ltr'><strong>Miltiades</strong></span> <span class='ocrx_word' id='word_1_107' title='bbox 958 1404 1089 1460; x_wconf 87' lang='lat' dir='ltr'><strong>valuerit.</strong></span> 
     </span>
     <span class='ocr_line' id='line_1_16' title="bbox 191 1483 1089 1559; baseline -0.003 -19"><span class='ocrx_word' id='word_1_108' title='bbox 191 1484 265 1558; x_wconf 88' lang='lat' dir='ltr'><strong>Ejus</strong></span> <span class='ocrx_word' id='word_1_109' title='bbox 291 1483 457 1540; x_wconf 89' lang='lat' dir='ltr'><strong>auctoritate</strong></span> <span class='ocrx_word' id='word_1_110' title='bbox 479 1484 596 1559; x_wconf 90' lang='lat' dir='ltr'><strong>impulsi</strong></span> <span class='ocrx_word' id='word_1_111' title='bbox 619 1485 815 1541; x_wconf 87' lang='lat' dir='ltr'><strong>Athenienses</strong></span> <span class='ocrx_word' id='word_1_112' title='bbox 840 1485 939 1558; x_wconf 88' lang='lat' dir='ltr'><strong>copias</strong></span> <span class='ocrx_word' id='word_1_113' title='bbox 964 1502 1000 1540; x_wconf 85' lang='lat' dir='ltr'><strong>ex</strong></span> <span class='ocrx_word' id='word_1_114' title='bbox 1019 1485 1089 1538; x_wconf 91' lang='lat' dir='ltr'><strong>urbe</strong></span> 
     </span>
    </p>

    <p class='ocr_par' dir='ltr' id='par_1_6' title="bbox 62 1561 1091 2030">
     <span class='ocr_line' id='line_1_17' title="bbox 62 1561 1089 1635; baseline -0.001 -18"><span class='ocrx_word' id='word_1_115' title='bbox 62 1590 67 1601; x_wconf 92' lang='lat'>·</span> <span class='ocrx_word' id='word_1_116' title='bbox 152 1566 170 1617; x_wconf 84' lang='lat'>3</span> <span class='ocrx_word' id='word_1_117' title='bbox 192 1563 358 1630; x_wconf 86' lang='lat' dir='ltr'><strong>eduxerunt,</strong></span> <span class='ocrx_word' id='word_1_118' title='bbox 370 1563 491 1635; x_wconf 90' lang='lat' dir='ltr'><strong>locoque</strong></span> <span class='ocrx_word' id='word_1_119' title='bbox 502 1562 607 1618; x_wconf 91' lang='lat' dir='ltr'><strong>idoneo</strong></span> <span class='ocrx_word' id='word_1_120' title='bbox 619 1574 713 1617; x_wconf 88' lang='lat' dir='ltr'><strong>castra</strong></span> <span class='ocrx_word' id='word_1_121' title='bbox 727 1561 867 1617; x_wconf 84' lang='lat' dir='ltr'><strong>fecerunt.</strong></span> <span class='ocrx_word' id='word_1_122' title='bbox 894 1562 1008 1618; x_wconf 87' lang='lat' dir='ltr'><strong>Deinde</strong></span> <span class='ocrx_word' id='word_1_123' title='bbox 1023 1579 1089 1635; x_wconf 88' lang='lat' dir='ltr'><strong>pes·</strong></span> 
     </span>
     <span class='ocr_line' id='line_1_18' title="bbox 190 1638 1090 1718; baseline -0.002 -23"><span class='ocrx_word' id='word_1_124' title='bbox 190 1651 252 1695; x_wconf 91' lang='lat' dir='ltr'><strong>tero</strong></span> <span class='ocrx_word' id='word_1_125' title='bbox 267 1640 314 1695; x_wconf 92' lang='lat' dir='ltr'><strong>die</strong></span> <span class='ocrx_word' id='word_1_126' title='bbox 330 1641 382 1695; x_wconf 92' lang='lat' dir='ltr'><strong>sub</strong></span> <span class='ocrx_word' id='word_1_127' title='bbox 400 1638 505 1697; x_wconf 90' lang='lat' dir='ltr'><strong>mentis</strong></span> <span class='ocrx_word' id='word_1_128' title='bbox 520 1641 675 1709; x_wconf 82' lang='lat' dir='ltr'><strong>radicibus,</strong></span> <span class='ocrx_word' id='word_1_129' title='bbox 691 1640 754 1695; x_wconf 90' lang='lat' dir='ltr'><strong>acie</strong></span> <span class='ocrx_word' id='word_1_130' title='bbox 770 1659 785 1696; x_wconf 97' lang='lat' dir='ltr'><strong>e</strong></span> <span class='ocrx_word' id='word_1_131' title='bbox 805 1641 923 1715; x_wconf 85' lang='lat' dir='ltr'><strong>regione</strong></span> <span class='ocrx_word' id='word_1_132' title='bbox 943 1640 1090 1718; x_wconf 63' lang='lat' dir='ltr'><strong>inumata,</strong></span> 
     </span>
     <span class='ocr_line' id='line_1_19' title="bbox 191 1718 1090 1793; baseline -0.001 -21"><span class='ocrx_word' id='word_1_133' title='bbox 191 1736 265 1773; x_wconf 89' lang='lat' dir='ltr'><strong>nova</strong></span> <span class='ocrx_word' id='word_1_134' title='bbox 285 1730 355 1785; x_wconf 91' lang='lat' dir='ltr'><strong>arte,</strong></span> <span class='ocrx_word' id='word_1_135' title='bbox 374 1718 403 1772; x_wconf 87' lang='lat' dir='ltr'><strong>vi</strong></span> <span class='ocrx_word' id='word_1_136' title='bbox 424 1737 535 1775; x_wconf 86' lang='lat' dir='ltr'><strong>summa</strong></span> <span class='ocrx_word' id='word_1_137' title='bbox 554 1719 684 1793; x_wconf 86' lang='lat' dir='ltr'><strong>proelium</strong></span> <span class='ocrx_word' id='word_1_138' title='bbox 706 1720 917 1775; x_wconf 86' lang='lat' dir='ltr'><strong>commiserunt.</strong></span> <span class='ocrx_word' id='word_1_139' title='bbox 958 1718 1090 1790; x_wconf 81' lang='lat' dir='ltr'><strong>Namque</strong></span> 
     </span>
     <span class='ocr_line' id='line_1_20' title="bbox 192 1796 1091 1867; baseline 0 -17"><span class='ocrx_word' id='word_1_140' title='bbox 192 1796 308 1851; x_wconf 87' lang='lat' dir='ltr'><strong>arbores</strong></span> <span class='ocrx_word' id='word_1_141' title='bbox 333 1796 429 1852; x_wconf 84' lang='lat' dir='ltr'><strong>multis</strong></span> <span class='ocrx_word' id='word_1_142' title='bbox 453 1797 526 1854; x_wconf 89' lang='lat' dir='ltr'><strong>locis</strong></span> <span class='ocrx_word' id='word_1_143' title='bbox 549 1808 629 1853; x_wconf 89' lang='lat' dir='ltr'><strong>erant</strong></span> <span class='ocrx_word' id='word_1_144' title='bbox 650 1809 752 1867; x_wconf 78' lang='lat' dir='ltr'><strong>strata,</strong></span> <span class='ocrx_word' id='word_1_145' title='bbox 773 1797 829 1854; x_wconf 90' lang='lat' dir='ltr'><strong>boc</strong></span> <span class='ocrx_word' id='word_1_146' title='bbox 856 1796 987 1865; x_wconf 86' lang='lat' dir='ltr'><strong>consilio,</strong></span> <span class='ocrx_word' id='word_1_147' title='bbox 1009 1807 1038 1851; x_wconf 94' lang='lat' dir='ltr'><strong>ut</strong></span> <span class='ocrx_word' id='word_1_148' title='bbox 1062 1805 1091 1851; x_wconf 90' lang='lat' dir='ltr'><strong>et</strong></span> 
     </span>
     <span class='ocr_line' id='line_1_21' title="bbox 191 1873 1090 1950; baseline 0 -22"><span class='ocrx_word' id='word_1_149' title='bbox 191 1874 327 1930; x_wconf 89' lang='lat' dir='ltr'><strong>montium</strong></span> <span class='ocrx_word' id='word_1_150' title='bbox 347 1886 513 1950; x_wconf 89' lang='lat' dir='ltr'><strong>tegerentur</strong></span> <span class='ocrx_word' id='word_1_151' title='bbox 533 1875 691 1945; x_wconf 84' lang='lat' dir='ltr'><strong>altitudine,</strong></span> <span class='ocrx_word' id='word_1_152' title='bbox 707 1888 736 1933; x_wconf 88' lang='lat' dir='ltr'><strong>et</strong></span> <span class='ocrx_word' id='word_1_153' title='bbox 756 1878 885 1933; x_wconf 86' lang='lat' dir='ltr'><strong>arborum</strong></span> <span class='ocrx_word' id='word_1_154' title='bbox 905 1885 997 1930; x_wconf 90' lang='lat' dir='ltr'><strong>tractu</strong></span> <span class='ocrx_word' id='word_1_155' title='bbox 1012 1873 1090 1946; x_wconf 90' lang='lat' dir='ltr'><strong>equi·</strong></span> 
     </span>
     <span class='ocr_line' id='line_1_22' title="bbox 191 1952 1090 2030; baseline 0.002 -24"><span class='ocrx_word' id='word_1_156' title='bbox 191 1963 266 2008; x_wconf 89' lang='lat' dir='ltr'><strong>tatus</strong></span> <span class='ocrx_word' id='word_1_157' title='bbox 285 1953 409 2010; x_wconf 88' lang='lat' dir='ltr'><strong>hostium</strong></span> <span class='ocrx_word' id='word_1_158' title='bbox 424 1954 617 2030; x_wconf 86' lang='lat' dir='ltr'><strong>impediretur,</strong></span> <span class='ocrx_word' id='word_1_159' title='bbox 630 1976 667 2011; x_wconf 92' lang='lat' dir='ltr'><strong>ne</strong></span> <span class='ocrx_word' id='word_1_160' title='bbox 686 1956 866 2013; x_wconf 90' lang='lat' dir='ltr'><strong>multitudine</strong></span> <span class='ocrx_word' id='word_1_161' title='bbox 881 1952 1090 2010; x_wconf 72' lang='lat' dir='ltr'><strong>clauderentur,</strong></span> 
     </span>
    </p>

    <p class='ocr_par' dir='ltr' id='par_1_7' title="bbox 153 2029 1092 2347">
     <span class='ocr_line' id='line_1_23' title="bbox 153 2029 1091 2107; baseline 0 -22"><span class='ocrx_word' id='word_1_162' title='bbox 153 2033 173 2086; x_wconf 83' lang='lat'>4</span> <span class='ocrx_word' id='word_1_163' title='bbox 195 2029 287 2099; x_wconf 85' lang='lat' dir='ltr'><strong>Datis,</strong></span> <span class='ocrx_word' id='word_1_164' title='bbox 300 2032 355 2088; x_wconf 89' lang='lat' dir='ltr'><strong>etsi</strong></span> <span class='ocrx_word' id='word_1_165' title='bbox 366 2051 423 2088; x_wconf 92' lang='lat' dir='ltr'><strong>non</strong></span> <span class='ocrx_word' id='word_1_166' title='bbox 438 2053 548 2107; x_wconf 75' lang='lat' dir='ltr'><strong>acquum</strong></span> <span class='ocrx_word' id='word_1_167' title='bbox 560 2036 657 2091; x_wconf 88' lang='lat' dir='ltr'><strong>locum</strong></span> <span class='ocrx_word' id='word_1_168' title='bbox 667 2034 782 2090; x_wconf 87' lang='lat' dir='ltr'><strong>videbat</strong></span> <span class='ocrx_word' id='word_1_169' title='bbox 796 2034 867 2102; x_wconf 76' lang='lat' dir='ltr'><strong>suia,</strong></span> <span class='ocrx_word' id='word_1_170' title='bbox 881 2042 986 2100; x_wconf 87' lang='lat' dir='ltr'><strong>tamen,</strong></span> <span class='ocrx_word' id='word_1_171' title='bbox 1000 2031 1091 2087; x_wconf 85' lang='lat' dir='ltr'><strong>fretus</strong></span> 
     </span>
     <span class='ocr_line' id='line_1_24' title="bbox 191 2111 1090 2187; baseline 0.004 -26"><span class='ocrx_word' id='word_1_172' title='bbox 191 2126 310 2162; x_wconf 89' lang='lat' dir='ltr'><strong>numero</strong></span> <span class='ocrx_word' id='word_1_173' title='bbox 332 2111 479 2181; x_wconf 87' lang='lat' dir='ltr'><strong>copiarum</strong></span> <span class='ocrx_word' id='word_1_174' title='bbox 500 2129 624 2180; x_wconf 88' lang='lat' dir='ltr'><strong>suarum,</strong></span> <span class='ocrx_word' id='word_1_175' title='bbox 646 2113 802 2187; x_wconf 88' lang='lat' dir='ltr'><strong>confligere</strong></span> <span class='ocrx_word' id='word_1_176' title='bbox 825 2112 974 2185; x_wconf 89' lang='lat' dir='ltr'><strong>cupiebat:</strong></span> <span class='ocrx_word' id='word_1_177' title='bbox 999 2128 1090 2182; x_wconf 88' lang='lat' dir='ltr'><strong>eoque</strong></span> 
     </span>
     <span class='ocr_line' id='line_1_25' title="bbox 192 2185 1091 2261; baseline -0.008 -11"><span class='ocrx_word' id='word_1_178' title='bbox 192 2185 294 2257; x_wconf 62' lang='lat' dir='ltr'><strong>magis,</strong></span> <span class='ocrx_word' id='word_1_179' title='bbox 305 2187 389 2255; x_wconf 85' lang='lat' dir='ltr'><strong>quod,</strong></span> <span class='ocrx_word' id='word_1_180' title='bbox 404 2188 567 2261; x_wconf 85' lang='lat' dir='ltr'><strong>priusquam</strong></span> <span class='ocrx_word' id='word_1_181' title='bbox 582 2188 795 2245; x_wconf 86' lang='lat' dir='ltr'><strong>Lacedaemonii</strong></span> <span class='ocrx_word' id='word_1_182' title='bbox 809 2188 939 2244; x_wconf 88' lang='lat' dir='ltr'><strong>subsidio</strong></span> <span class='ocrx_word' id='word_1_183' title='bbox 951 2188 1091 2256; x_wconf 89' lang='lat' dir='ltr'><strong>venirent,</strong></span> 
     </span>
     <span class='ocr_line' id='line_1_26' title="bbox 193 2261 1092 2347; baseline 0.004 -30"><span class='ocrx_word' id='word_1_184' title='bbox 193 2261 331 2317; x_wconf 88' lang='lat' dir='ltr'><strong>dimicare</strong></span> <span class='ocrx_word' id='word_1_185' title='bbox 352 2263 423 2347; x_wconf 82' lang='lat' dir='ltr'><strong>utile</strong></span> <span class='ocrx_word' id='word_1_186' title='bbox 444 2264 636 2322; x_wconf 79' lang='lat' dir='ltr'><strong>arbitrabatur.</strong></span> <span class='ocrx_word' id='word_1_187' title='bbox 678 2266 776 2340; x_wconf 89' lang='lat' dir='ltr'><strong>ltaque</strong></span> <span class='ocrx_word' id='word_1_188' title='bbox 799 2266 829 2321; x_wconf 93' lang='lat' dir='ltr'><strong>in</strong></span> <span class='ocrx_word' id='word_1_189' title='bbox 851 2266 945 2321; x_wconf 86' lang='lat' dir='ltr'><strong>aciem</strong></span> <span class='ocrx_word' id='word_1_190' title='bbox 964 2265 1092 2340; x_wconf 88' lang='lat' dir='ltr'><strong>peditum</strong></span> 
     </span>
    </p>

    <p class='ocr_par' dir='ltr' id='par_1_8' title="bbox 139 2341 1091 2473">
     <span class='ocr_line' id='line_1_27' title="bbox 139 2341 1091 2473; baseline 0.007 -79"><span class='ocrx_word' id='word_1_191' title='bbox 139 2341 323 2473; x_wconf 41' lang='lat' dir='ltr'><strong>wemma,</strong></span> <span class='ocrx_word' id='word_1_192' title='bbox 346 2350 472 2410; x_wconf 55' lang='lat' dir='ltr'><strong>spumam</strong></span> <span class='ocrx_word' id='word_1_193' title='bbox 498 2342 601 2399; x_wconf 88' lang='lat' dir='ltr'><strong>decem</strong></span> <span class='ocrx_word' id='word_1_194' title='bbox 626 2343 707 2399; x_wconf 88' lang='lat' dir='ltr'><strong>milia</strong></span> <span class='ocrx_word' id='word_1_195' title='bbox 735 2344 876 2420; x_wconf 88' lang='lat' dir='ltr'><strong>produxit,</strong></span> <span class='ocrx_word' id='word_1_196' title='bbox 904 2343 1091 2420; x_wconf 87' lang='lat' dir='ltr'><strong>proeliumque</strong></span> 
     </span>
    </p>

    <p class='ocr_par' dir='ltr' id='par_1_9' title="bbox 213 2414 1092 2495">
     <span class='ocr_line' id='line_1_28' title="bbox 213 2414 1092 2495; baseline 0.008 -23"><span class='ocrx_word' id='word_1_197' title='bbox 213 2426 347 2472; x_wconf 81' lang='lat' dir='ltr'><strong>ommrslt.</strong></span> <span class='ocrx_word' id='word_1_198' title='bbox 388 2414 422 2493; x_wconf 82' lang='lat' dir='ltr'><strong>In</strong></span> <span class='ocrx_word' id='word_1_199' title='bbox 442 2433 497 2490; x_wconf 87' lang='lat' dir='ltr'><strong>que</strong></span> <span class='ocrx_word' id='word_1_200' title='bbox 516 2428 593 2477; x_wconf 85' lang='lat' dir='ltr'><strong>tante</strong></span> <span class='ocrx_word' id='word_1_201' title='bbox 613 2423 678 2495; x_wconf 89' lang='lat' dir='ltr'><strong>plus</strong></span> <span class='ocrx_word' id='word_1_202' title='bbox 692 2422 794 2479; x_wconf 85' lang='lat' dir='ltr'><strong>virtute</strong></span> <span class='ocrx_word' id='word_1_203' title='bbox 808 2423 958 2478; x_wconf 89' lang='lat' dir='ltr'><strong>valuemnt</strong></span> <span class='ocrx_word' id='word_1_204' title='bbox 971 2422 1092 2479; x_wconf 91' lang='lat' dir='ltr'><strong>Atheni·</strong></span> 
     </span>
    </p>

    <p class='ocr_par' dir='ltr' id='par_1_10' title="bbox 314 2493 1092 2581">
     <span class='ocr_line' id='line_1_29' title="bbox 314 2493 1092 2581; baseline 0.013 -33"><span class='ocrx_word' id='word_1_205' title='bbox 314 2505 456 2581; x_wconf 48' lang='lat' dir='ltr'><strong>criseam</strong></span> <span class='ocrx_word' id='word_1_206' title='bbox 476 2493 684 2571; x_wconf 86' lang='lat' dir='ltr'><strong>decemplicem</strong></span> <span class='ocrx_word' id='word_1_207' title='bbox 707 2519 856 2558; x_wconf 90' lang='lat' dir='ltr'><strong>numerum</strong></span> <span class='ocrx_word' id='word_1_208' title='bbox 879 2500 1005 2558; x_wconf 89' lang='lat' dir='ltr'><strong>hostium</strong></span> <span class='ocrx_word' id='word_1_209' title='bbox 1028 2518 1092 2576; x_wconf 93' lang='lat' dir='ltr'><strong>pro·</strong></span> 
     </span>
    </p>

    <p class='ocr_par' dir='ltr' id='par_1_11' title="bbox 200 2571 1092 2651">
     <span class='ocr_line' id='line_1_30' title="bbox 200 2571 1092 2651; baseline -0.006 -12"><span class='ocrx_word' id='word_1_210' title='bbox 200 2576 267 2647; x_wconf 71' lang='lat' dir='ltr'><strong>siau.</strong></span> <span class='ocrx_word' id='word_1_211' title='bbox 313 2571 455 2646; x_wconf 70' lang='lat' dir='ltr'><strong>fllgassntt</strong></span> <span class='ocrx_word' id='word_1_212' title='bbox 476 2572 604 2647; x_wconf 75' lang='lat' dir='ltr'><strong>adeoque</strong></span> <span class='ocrx_word' id='word_1_213' title='bbox 627 2592 847 2651; x_wconf 86' lang='lat' dir='ltr'><strong>perterruerunt,</strong></span> <span class='ocrx_word' id='word_1_214' title='bbox 863 2589 894 2636; x_wconf 93' lang='lat' dir='ltr'><strong>ut</strong></span> <span class='ocrx_word' id='word_1_215' title='bbox 916 2580 1015 2637; x_wconf 72' lang='lat' dir='ltr'><strong>Persa</strong></span> <span class='ocrx_word' id='word_1_216' title='bbox 1034 2598 1092 2637; x_wconf 89' lang='lat' dir='ltr'><strong>non</strong></span> 
     </span>
    </p>

    <p class='ocr_par' dir='ltr' id='par_1_12' title="bbox 192 2649 1092 2736">
     <span class='ocr_line' id='line_1_31' title="bbox 192 2649 1092 2736; baseline 0.011 -31"><span class='ocrx_word' id='word_1_217' title='bbox 192 2649 277 2736; x_wconf 56' lang='lat' dir='ltr'><strong>ahin,</strong></span> <span class='ocrx_word' id='word_1_218' title='bbox 315 2663 418 2720; x_wconf 86' lang='lat' dir='ltr'><strong>castra,</strong></span> <span class='ocrx_word' id='word_1_219' title='bbox 433 2650 486 2708; x_wconf 86' lang='lat' dir='ltr'><strong>sed</strong></span> <span class='ocrx_word' id='word_1_220' title='bbox 510 2671 601 2709; x_wconf 86' lang='lat' dir='ltr'><strong>naves</strong></span> <span class='ocrx_word' id='word_1_221' title='bbox 624 2657 767 2727; x_wconf 88' lang='lat' dir='ltr'><strong>petierint.</strong></span> <span class='ocrx_word' id='word_1_222' title='bbox 808 2660 875 2725; x_wconf 86' lang='lat' dir='ltr'><strong>Qua</strong></span> <span class='ocrx_word' id='word_1_223' title='bbox 898 2678 995 2735; x_wconf 87' lang='lat' dir='ltr'><strong>pugna</strong></span> <span class='ocrx_word' id='word_1_224' title='bbox 1019 2657 1092 2715; x_wconf 94' lang='lat' dir='ltr'><strong>nihil</strong></span> 
     </span>
    </p>

    <p class='ocr_par' dir='ltr' id='par_1_13' title="bbox 196 2729 1093 2883">
     <span class='ocr_line' id='line_1_32' title="bbox 198 2729 1093 2815; baseline 0.003 -31"><span class='ocrx_word' id='word_1_225' title='bbox 198 2805 203 2815; x_wconf 45' lang='grc' dir='ltr'>Ι</span> <span class='ocrx_word' id='word_1_226' title='bbox 315 2729 407 2785; x_wconf 82' lang='lat' dir='ltr'><strong>adhuc</strong></span> <span class='ocrx_word' id='word_1_227' title='bbox 423 2741 468 2786; x_wconf 80' lang='lat' dir='ltr'><strong>est</strong></span> <span class='ocrx_word' id='word_1_228' title='bbox 481 2732 623 2800; x_wconf 77' lang='lat' dir='ltr'><strong>nobiliu83</strong></span> <span class='ocrx_word' id='word_1_229' title='bbox 644 2738 722 2793; x_wconf 80' lang='lat' dir='ltr'><strong>nulla</strong></span> <span class='ocrx_word' id='word_1_230' title='bbox 735 2739 812 2795; x_wconf 82' lang='lat' dir='ltr'><strong>enim</strong></span> <span class='ocrx_word' id='word_1_231' title='bbox 825 2758 956 2811; x_wconf 83' lang='lat' dir='ltr'><strong>umquam</strong></span> <span class='ocrx_word' id='word_1_232' title='bbox 970 2749 1029 2793; x_wconf 78' lang='lat' dir='ltr'><strong>tam</strong></span> <span class='ocrx_word' id='word_1_233' title='bbox 1043 2754 1093 2793; x_wconf 85' lang='lat' dir='ltr'><strong>ex·</strong></span> 
     </span>
     <span class='ocr_line' id='line_1_33' title="bbox 196 2815 742 2883; baseline 0.016 -22"><span class='ocrx_word' id='word_1_234' title='bbox 196 2824 263 2880; x_wconf 89' lang='lat' dir='ltr'><strong>rgua</strong></span> <span class='ocrx_word' id='word_1_235' title='bbox 276 2826 377 2862; x_wconf 89' lang='lat' dir='ltr'><strong>manus</strong></span> <span class='ocrx_word' id='word_1_236' title='bbox 392 2819 485 2863; x_wconf 85' lang='lat' dir='ltr'><strong>tantus</strong></span> <span class='ocrx_word' id='word_1_237' title='bbox 499 2826 571 2881; x_wconf 89' lang='lat' dir='ltr'><strong>opes</strong></span> <span class='ocrx_word' id='word_1_238' title='bbox 584 2815 742 2883; x_wconf 80' lang='lat' dir='ltr'><strong>prostravit.</strong></span> 
     </span>
    </p>

    <p class='ocr_par' dir='ltr' id='par_1_14' title="bbox 159 2884 1092 3039">
     <span class='ocr_line' id='line_1_34' title="bbox 159 2884 1092 2963; baseline 0.006 -22"><span class='ocrx_word' id='word_1_239' title='bbox 159 2888 172 2941; x_wconf 96' lang='lat'>1</span> <span class='ocrx_word' id='word_1_240' title='bbox 236 2884 288 2939; x_wconf 93' lang='lat' dir='ltr'><strong>Vl.</strong></span> <span class='ocrx_word' id='word_1_241' title='bbox 311 2885 401 2957; x_wconf 85' lang='lat' dir='ltr'><strong>Cujus</strong></span> <span class='ocrx_word' id='word_1_242' title='bbox 415 2885 542 2938; x_wconf 68' lang='lat' dir='ltr'><strong>victoria¹</strong></span> <span class='ocrx_word' id='word_1_243' title='bbox 561 2902 619 2939; x_wconf 91' lang='lat' dir='ltr'><strong>non</strong></span> <span class='ocrx_word' id='word_1_244' title='bbox 640 2885 767 2941; x_wconf 88' lang='lat' dir='ltr'><strong>alienum</strong></span> <span class='ocrx_word' id='word_1_245' title='bbox 786 2891 897 2945; x_wconf 90' lang='lat' dir='ltr'><strong>videtur</strong></span> <span class='ocrx_word' id='word_1_246' title='bbox 917 2892 1001 2962; x_wconf 91' lang='lat' dir='ltr'><strong>quale</strong></span> <span class='ocrx_word' id='word_1_247' title='bbox 1021 2908 1092 2963; x_wconf 71' lang='lat' dir='ltr'><strong>prar-</strong></span> 
     </span>
     <span class='ocr_line' id='line_1_35' title="bbox 195 2960 1091 3039; baseline 0.008 -25"><span class='ocrx_word' id='word_1_248' title='bbox 195 2960 283 3014; x_wconf 90' lang='lat' dir='ltr'><strong>mium</strong></span> <span class='ocrx_word' id='word_1_249' title='bbox 296 2960 421 3015; x_wconf 89' lang='lat' dir='ltr'><strong>Miltiadi</strong></span> <span class='ocrx_word' id='word_1_250' title='bbox 436 2960 474 3014; x_wconf 88' lang='lat' dir='ltr'><strong>sit</strong></span> <span class='ocrx_word' id='word_1_251' title='bbox 486 2961 627 3027; x_wconf 87' lang='lat' dir='ltr'><strong>tributum,</strong></span> <span class='ocrx_word' id='word_1_252' title='bbox 643 2961 758 3028; x_wconf 87' lang='lat' dir='ltr'><strong>docere,</strong></span> <span class='ocrx_word' id='word_1_253' title='bbox 772 2980 827 3035; x_wconf 87' lang='lat' dir='ltr'><strong>quo</strong></span> <span class='ocrx_word' id='word_1_254' title='bbox 840 2965 953 3020; x_wconf 82' lang='lat' dir='ltr'><strong>facilius</strong></span> <span class='ocrx_word' id='word_1_255' title='bbox 968 2966 1091 3039; x_wconf 81' lang='lat' dir='ltr'><strong>intelligi</strong></span> 
     </span>
    </p>

    <p class='ocr_par' dir='ltr' id='par_1_15' title="bbox 156 3035 1092 3350">
     <span class='ocr_line' id='line_1_36' title="bbox 156 3035 1092 3111; baseline 0.009 -18"><span class='ocrx_word' id='word_1_256' title='bbox 156 3042 175 3093; x_wconf 84' lang='lat'>2</span> <span class='ocrx_word' id='word_1_257' title='bbox 196 3035 434 3111; x_wconf 89' lang='lat' dir='ltr'><strong>possit,eamdem</strong></span> <span class='ocrx_word' id='word_1_258' title='bbox 442 3037 568 3091; x_wconf 85' lang='lat' dir='ltr'><strong>omniurn</strong></span> <span class='ocrx_word' id='word_1_259' title='bbox 577 3036 721 3093; x_wconf 89' lang='lat' dir='ltr'><strong>civitatum</strong></span> <span class='ocrx_word' id='word_1_260' title='bbox 731 3056 799 3095; x_wconf 89' lang='lat' dir='ltr'><strong>esse</strong></span> <span class='ocrx_word' id='word_1_261' title='bbox 808 3052 944 3097; x_wconf 88' lang='lat' dir='ltr'><strong>naturam.</strong></span> <span class='ocrx_word' id='word_1_262' title='bbox 966 3044 1092 3101; x_wconf 88' lang='lat' dir='ltr'><strong>Uteuim</strong></span> 
     </span>
     <span class='ocr_line' id='line_1_37' title="bbox 195 3111 1091 3191; baseline 0.012 -23"><span class='ocrx_word' id='word_1_263' title='bbox 195 3111 293 3189; x_wconf 91' lang='lat' dir='ltr'><strong>populi</strong></span> <span class='ocrx_word' id='word_1_264' title='bbox 313 3114 404 3169; x_wconf 88' lang='lat' dir='ltr'><strong>nostri</strong></span> <span class='ocrx_word' id='word_1_265' title='bbox 423 3113 547 3170; x_wconf 86' lang='lat' dir='ltr'><strong>honores</strong></span> <span class='ocrx_word' id='word_1_266' title='bbox 568 3114 711 3187; x_wconf 86' lang='lat' dir='ltr'><strong>quondam</strong></span> <span class='ocrx_word' id='word_1_267' title='bbox 730 3115 844 3173; x_wconf 83' lang='lat' dir='ltr'><strong>fuerunt</strong></span> <span class='ocrx_word' id='word_1_268' title='bbox 858 3120 913 3173; x_wconf 87' lang='lat' dir='ltr'><strong>rari</strong></span> <span class='ocrx_word' id='word_1_269' title='bbox 933 3131 1091 3191; x_wconf 83' lang='lat' dir='ltr'><strong>attenues,</strong></span> 
     </span>
     <span class='ocr_line' id='line_1_38' title="bbox 195 3191 1091 3273; baseline 0.01 -26"><span class='ocrx_word' id='word_1_270' title='bbox 195 3192 232 3247; x_wconf 91' lang='lat' dir='ltr'><strong>ob</strong></span> <span class='ocrx_word' id='word_1_271' title='bbox 251 3209 370 3263; x_wconf 91' lang='lat' dir='ltr'><strong>eamque</strong></span> <span class='ocrx_word' id='word_1_272' title='bbox 394 3209 511 3247; x_wconf 88' lang='lat' dir='ltr'><strong>causam</strong></span> <span class='ocrx_word' id='word_1_273' title='bbox 531 3191 669 3267; x_wconf 85' lang='lat' dir='ltr'><strong>gloriosi;</strong></span> <span class='ocrx_word' id='word_1_274' title='bbox 689 3210 765 3250; x_wconf 91' lang='lat' dir='ltr'><strong>nunc</strong></span> <span class='ocrx_word' id='word_1_275' title='bbox 788 3206 883 3251; x_wconf 86' lang='lat' dir='ltr'><strong>autem</strong></span> <span class='ocrx_word' id='word_1_276' title='bbox 903 3198 987 3253; x_wconf 84' lang='lat' dir='ltr'><strong>effusi</strong></span> <span class='ocrx_word' id='word_1_277' title='bbox 1008 3212 1091 3273; x_wconf 88' lang='lat' dir='ltr'><strong>atque</strong></span> 
     </span>
     <span class='ocr_line' id='line_1_39' title="bbox 195 3268 1091 3350; baseline 0.011 -26"><span class='ocrx_word' id='word_1_278' title='bbox 195 3269 335 3325; x_wconf 87' lang='lat' dir='ltr'><strong>obsoleti:</strong></span> <span class='ocrx_word' id='word_1_279' title='bbox 358 3268 402 3325; x_wconf 89' lang='lat' dir='ltr'><strong>sie</strong></span> <span class='ocrx_word' id='word_1_280' title='bbox 423 3268 492 3324; x_wconf 91' lang='lat' dir='ltr'><strong>olim</strong></span> <span class='ocrx_word' id='word_1_281' title='bbox 513 3269 589 3343; x_wconf 90' lang='lat' dir='ltr'><strong>apud</strong></span> <span class='ocrx_word' id='word_1_282' title='bbox 602 3268 799 3329; x_wconf 84' lang='lat' dir='ltr'><strong>Athenienses</strong></span> <span class='ocrx_word' id='word_1_283' title='bbox 817 3271 909 3330; x_wconf 81' lang='lat' dir='ltr'><strong>fuisse</strong></span> <span class='ocrx_word' id='word_1_284' title='bbox 922 3276 1091 3350; x_wconf 87' lang='lat' dir='ltr'><strong>reperimus.</strong></span> 
     </span>
    </p>

    <p class='ocr_par' dir='ltr' id='par_1_16' title="bbox 157 3345 1093 3665">
     <span class='ocr_line' id='line_1_40' title="bbox 157 3345 1092 3425; baseline 0.01 -22"><span class='ocrx_word' id='word_1_285' title='bbox 157 3350 175 3403; x_wconf 82' lang='lat'><strong>3</strong></span> <span class='ocrx_word' id='word_1_286' title='bbox 197 3346 328 3419; x_wconf 91' lang='lat' dir='ltr'><strong>Namque</strong></span> <span class='ocrx_word' id='word_1_287' title='bbox 348 3345 415 3402; x_wconf 92' lang='lat' dir='ltr'><strong>huic</strong></span> <span class='ocrx_word' id='word_1_288' title='bbox 434 3346 570 3416; x_wconf 88' lang='lat' dir='ltr'><strong>Miltiadi,</strong></span> <span class='ocrx_word' id='word_1_289' title='bbox 582 3346 632 3422; x_wconf 93' lang='lat' dir='ltr'><strong>qui</strong></span> <span class='ocrx_word' id='word_1_290' title='bbox 645 3346 775 3407; x_wconf 87' lang='lat' dir='ltr'><strong>Athenas</strong></span> <span class='ocrx_word' id='word_1_291' title='bbox 792 3362 934 3425; x_wconf 86' lang='lat' dir='ltr'><strong>totamque</strong></span> <span class='ocrx_word' id='word_1_292' title='bbox 952 3353 1092 3413; x_wconf 75' lang='lat' dir='ltr'><strong>Graeciam</strong></span> 
     </span>
     <span class='ocr_line' id='line_1_41' title="bbox 195 3422 1093 3506; baseline 0.01 -26"><span class='ocrx_word' id='word_1_293' title='bbox 195 3422 339 3491; x_wconf 88' lang='lat' dir='ltr'><strong>liberarat,</strong></span> <span class='ocrx_word' id='word_1_294' title='bbox 365 3424 431 3479; x_wconf 89' lang='lat' dir='ltr'><strong>talis</strong></span> <span class='ocrx_word' id='word_1_295' title='bbox 464 3422 558 3481; x_wconf 88' lang='lat' dir='ltr'><strong>honos</strong></span> <span class='ocrx_word' id='word_1_296' title='bbox 587 3424 707 3481; x_wconf 85' lang='lat' dir='ltr'><strong>tributus</strong></span> <span class='ocrx_word' id='word_1_297' title='bbox 742 3440 787 3483; x_wconf 88' lang='lat' dir='ltr'><strong>est</strong></span> <span class='ocrx_word' id='word_1_298' title='bbox 819 3429 850 3485; x_wconf 92' lang='lat' dir='ltr'><strong>in</strong></span> <span class='ocrx_word' id='word_1_299' title='bbox 882 3432 1004 3504; x_wconf 87' lang='lat' dir='ltr'><strong>porticu,</strong></span> <span class='ocrx_word' id='word_1_300' title='bbox 1031 3450 1093 3506; x_wconf 78' lang='lat' dir='ltr'><strong>qua</strong></span> 
     </span>
     <span class='ocr_line' id='line_1_42' title="bbox 195 3502 1093 3582; baseline 0.012 -26"><span class='ocrx_word' id='word_1_301' title='bbox 195 3502 312 3567; x_wconf 75' lang='grc' dir='ltr'><strong>Ποικίλη</strong></span> <span class='ocrx_word' id='word_1_302' title='bbox 326 3512 452 3569; x_wconf 87' lang='lat' dir='ltr'><strong>vocatur,</strong></span> <span class='ocrx_word' id='word_1_303' title='bbox 466 3520 553 3575; x_wconf 91' lang='lat' dir='ltr'><strong>quum</strong></span> <span class='ocrx_word' id='word_1_304' title='bbox 569 3520 666 3577; x_wconf 86' lang='lat' dir='ltr'><strong>pugna</strong></span> <span class='ocrx_word' id='word_1_305' title='bbox 681 3504 884 3582; x_wconf 85' lang='lat' dir='ltr'><strong>depingeretur</strong></span> <span class='ocrx_word' id='word_1_306' title='bbox 902 3510 1093 3581; x_wconf 87' lang='lat' dir='ltr'><strong>Marathonia,</strong></span> 
     </span>
     <span class='ocr_line' id='line_1_43' title="bbox 193 3576 1093 3665; baseline 0.011 -30"><span class='ocrx_word' id='word_1_307' title='bbox 193 3576 270 3635; x_wconf 87' lang='lat' dir='ltr'><strong>utin</strong></span> <span class='ocrx_word' id='word_1_308' title='bbox 282 3578 386 3635; x_wconf 89' lang='lat' dir='ltr'><strong>decem</strong></span> <span class='ocrx_word' id='word_1_309' title='bbox 405 3590 556 3653; x_wconf 73' lang='lat' dir='ltr'><strong>praetorum</strong></span> <span class='ocrx_word' id='word_1_310' title='bbox 567 3598 687 3639; x_wconf 87' lang='lat' dir='ltr'><strong>numere</strong></span> <span class='ocrx_word' id='word_1_311' title='bbox 705 3584 798 3657; x_wconf 87' lang='lat' dir='ltr'><strong>prima</strong></span> <span class='ocrx_word' id='word_1_312' title='bbox 811 3586 876 3661; x_wconf 86' lang='lat' dir='ltr'><strong>ejus</strong></span> <span class='ocrx_word' id='word_1_313' title='bbox 888 3584 984 3662; x_wconf 86' lang='lat' dir='ltr'><strong>imago</strong></span> <span class='ocrx_word' id='word_1_314' title='bbox 1004 3606 1093 3665; x_wconf 85' lang='lat' dir='ltr'><strong>pone·</strong></span> 
     </span>
    </p>
   </div>
   <div class='ocr_carea' id='block_1_3' title="bbox 0 0 1248 4080">
    <p class='ocr_par' dir='ltr' id='par_1_17' title="bbox 0 0 1248 4080">
     <span class='ocr_line' id='line_1_44' title="bbox 0 0 1248 4080; baseline 0 0"><span class='ocrx_word' id='word_1_315' title='bbox 0 0 1248 4080; x_wconf 95' lang='lat' dir='ltr'><strong> </strong></span> 
     </span>
    </p>
   </div>
  </div>
 </body>
</html>
