2474 4080
391 262 480 327 XIV.
502 269 533 339 4,
549 271 579 326 5.
622 263 809 345 (Datames.)
1005 272 1049 330 55

148 411 243 490 jussit.
285 410 393 469 Postea
406 428 573 484 veroquam
593 411 811 469 Pharnabazum
826 428 879 469 rex
891 412 1050 484 revocavit,

149 491 193 549 1111
207 508 318 547 summa
331 489 445 564 imperii
458 490 560 546 tradita
572 499 625 545 est.

189 569 243 626 IV.
285 567 344 625 Hic
355 586 440 640 quum
454 568 577 624 maximo
588 567 682 623 studio
693 577 870 642 compararet
884 567 1050 639 exercitum,
1072 571 1087 628 l

151 647 364 722 AEgyptumque
388 646 534 719 proficisci
556 656 679 720 pararet,
704 647 797 703 subito
821 665 839 702 a
859 665 928 720 rcge
948 646 1050 704 littera

149 725 264 782 11111111
284 725 390 793 missae,
406 732 436 779 ut
456 723 559 798 Aspim
579 723 791 797 aggrederetur,
811 724 860 797 qui
882 723 1049 782 Cataoniam

150 804 283 859 tenebat:
305 820 368 875 quae
382 819 454 876 gens
472 802 552 876 jacet
573 820 658 875 supra
674 801 817 870 Ciliciam,
832 801 953 858 confinis
975 802 1050 877 Cap·

150 880 289 957 padociae.
319 879 450 952 Namque
465 880 564 956 Aspis,
576 880 731 936 saltuosam
745 880 893 954 regionem
908 880 1049 937 castellis·
1069 884 1088 938 2

150 977 206 1032 qne
229 958 365 1015 munitam
388 957 530 1025 incolens,
553 975 612 1013 non
632 958 724 1014 solum
748 957 869 1032 imperio
890 956 969 1032 regis
992 976 1051 1016 non

149 1039 275 1113 parebat,
289 1035 343 1093 sed
367 1035 453 1093 etiam
473 1035 608 1091 finitimas
622 1036 756 1110 regiones
771 1036 901 1104 vexabat,
926 1047 963 1104 et,
988 1054 1050 1110 quae

149 1115 212 1189 regi
226 1125 412 1191 portarentur,
421 1113 588 1189 abripiebat.
619 1114 768 1182 Datames,
783 1113 839 1170 etsi
852 1114 937 1190 longe
953 1116 1050 1172 aberat
1070 1116 1088 1172 3

149 1193 184 1249 11)
204 1194 251 1250 his
265 1193 440 1268 regionibus,
461 1203 490 1249 et
513 1193 650 1268 amajore
671 1211 702 1249 re
716 1191 940 1262 abstrahebatur,
954 1203 1051 1251 tamen

148 1266 227 1346 regis
241 1271 377 1327 voluntati
401 1289 510 1327 morem
534 1272 690 1345 gerendum
712 1271 829 1347 putavit.
870 1271 969 1344 Itaque
984 1290 1050 1329 cum

148 1350 259 1425 paucis,
273 1348 326 1406 sed
339 1349 410 1405 viris
430 1349 547 1405 fortibus
561 1367 666 1405 navem
679 1349 856 1419 conscendit,
871 1349 1049 1419 existimans,

148 1429 179 1484 id
200 1427 275 1502 quod
296 1426 411 1496 accidit,
434 1427 548 1484 facilius
573 1446 606 1484 11
631 1428 838 1502 impmdentem
857 1446 944 1503 parva
964 1446 1050 1485 manu

148 1525 359 1580 oppressurum,
382 1524 466 1578 quam
490 1515 617 1581 paratum
639 1505 766 1579 quamvis
791 1524 894 1581 magno
910 1505 1048 1562 exercitu.

149 1583 215 1641 Hac
230 1585 340 1641 delatus
360 1584 389 1640 in
405 1584 548 1651 Ciliciam,
563 1602 699 1657 egressus
720 1584 797 1653 inde,
812 1585 876 1640 dies
890 1596 1048 1657 noctesque
1068 1585 1088 1641 d

147 1663 203 1718 iter
215 1662 336 1730 faciens,
345 1662 471 1719 Taurum
484 1662 604 1729 transiit,
615 1680 715 1735 eoque,
724 1680 778 1734 quo
792 1662 947 1730 studuerat,
955 1662 1047 1730 renit;

147 1740 256 1813 quaerit,
270 1740 371 1813 quibus
395 1740 468 1796 locis
483 1740 521 1797 sit
545 1740 654 1815 Aspis;
684 1740 842 1814 cognoscit,
863 1738 939 1795 haud
962 1739 1048 1814 longe

148 1820 264 1886 abesse,
272 1817 485 1893 profectumque
500 1836 565 1874 eum
575 1829 718 1874 venatum.
760 1817 855 1882 Quem
869 1817 935 1873 dum
946 1835 1049 1891 specu·

88 1956 93 1967 ,
148 1898 230 1965 latur,
245 1897 384 1953 adventus
397 1897 459 1971 ejus
474 1915 562 1953 causa
577 1895 768 1970 cognoscitur.
791 1895 907 1952 Pisidas
923 1913 988 1950 cum
1001 1894 1049 1964 iis,

147 1993 218 2047 quos
234 1993 335 2031 secum
357 1973 489 2043 habebat,
504 1975 540 2030 ad
563 1973 756 2030 resistendum
780 1973 869 2048 Aspis
895 1983 1048 2048 comparat.

148 2052 183 2110 Id
197 2053 336 2110 Datames
345 2051 394 2108 ubi
408 2052 525 2122 audivit,
535 2070 613 2108 arma
622 2052 716 2120 sumit,
725 2070 849 2126 suosque
859 2051 941 2123 sequi
952 2052 1047 2126 jubet;
1068 2055 1087 2108 ⁵

149 2131 212 2206 ipse
236 2148 309 2203 equo
325 2130 467 2187 concitato
481 2131 518 2186 ad
539 2128 652 2186 hostem
666 2130 788 2187 vehitur.
831 2130 927 2195 Quem
949 2130 1050 2205 procul

148 2209 237 2285 Aspis
252 2208 437 2283 conspiciens
452 2209 489 2265 ad
502 2227 535 2265 11
560 2208 700 2265 serentem
720 2208 907 2284 pertimescit,
923 2219 1005 2281 atque
1030 2226 1049 2264 a

149 2298 252 2344 conatu
265 2287 420 2343 resistendi
434 2286 586 2343 deterritus
601 2306 669 2344 sese
683 2287 771 2344 dedit.
807 2286 893 2343 Hunc
909 2287 1048 2346 Datames

147 2365 273 2422 vinctum
289 2365 324 2420 ad
338 2383 437 2439 regem
451 2365 611 2421 ducendum
624 2365 708 2422 tradit
723 2363 891 2422 Mithridati.

187 2443 225 2500 V.
266 2443 339 2500 Haec
360 2443 428 2499 dm
447 2453 590 2517 geruntur,
604 2443 790 2510 Artaxerxes,
809 2443 1010 2511 reminiscens,
1031 2461 1049 2498 1
1070 2445 1085 2500 l

147 2532 251 2594 quanto
273 2522 349 2577 bello
373 2520 410 2576 ad
433 2540 517 2593 quam
540 2539 656 2596 parvam
675 2539 737 2576 rem
758 2519 919 2594 principem
944 2519 1049 2577 ducum

147 2600 285 2668 misisset,
299 2618 332 2655 se
358 2618 420 2673 ipse
439 2597 632 2673 reprehendit,
648 2608 676 2654 et
698 2598 828 2654 nuntium
841 2598 878 2654 ad
891 2597 1049 2654 exercitum

148 2678 232 2734 Acen
245 2677 331 2745 misit,
346 2677 421 2749 quod
443 2677 569 2733 nondum
590 2677 741 2732 Datamem
754 2674 912 2750 profectum
925 2675 1048 2749 putabat,

147 2755 195 2828 qui
209 2755 328 2824 diceret,
341 2772 378 2811 ue
393 2756 428 2810 ab
444 2755 571 2811 exercitu
586 2753 760 2810 discederet.
802 2752 871 2821 Hic,
885 2752 1049 2826 priusquam

146 2834 319 2908 perveniret,
333 2851 388 2905 quo
402 2842 463 2890 erat
486 2832 640 2908 profectus,
654 2832 685 2887 in
708 2830 810 2887 11111111
833 2829 975 2898 convenit,
999 2828 1048 2902 qui

147 2911 250 2986 Aspim
263 2912 414 2967 ducebant.
457 2912 522 2976 Qua
537 2911 684 2966 celeritate
709 2927 794 2982 quum
807 2926 940 2984 magnam
959 2909 1047 2964 bene·
1066 2911 1086 2966 2

147 2989 301 3046 volentiam
309 2989 387 3063 regis
403 2989 541 3045 Datames
552 2998 724 3045 consecutus
740 2997 828 3056 esset,
837 3005 895 3043 non
908 2986 1048 3042 minorem

146 3067 283 3123 invidiam
297 3067 453 3124 aulicorum
464 3066 588 3141 excepit,
597 3067 645 3139 qui
660 3067 740 3123 illum
752 3084 839 3121 unum
850 3064 949 3140 pluris,
962 3082 1048 3136 quam

146 3165 179 3202 se
204 3164 314 3214 omnes,
338 3145 401 3201 11111
422 3144 566 3201 videbant.
610 3145 676 3210 Quo
701 3143 777 3199 sacto
802 3141 899 3199 cuncti
921 3142 958 3197 ad
982 3160 1048 3198 eum

146 3223 363 3298 opprimendum
377 3232 595 3279 consenserunt.
636 3221 710 3278 Haec
726 3220 881 3288 Pandates,
890 3237 968 3294 gazae
982 3238 1047 3275 cus·
1067 3220 1085 3275 3

145 3313 189 3357 101
204 3300 302 3376 regiae,
317 3300 426 3357 amicus
443 3300 566 3368 Datami,
581 3299 741 3374 perscripta
755 3299 783 3353 11
794 3298 886 3366 mittit,
901 3297 1046 3369 inquibus

146 3380 248 3436 docet:
272 3398 338 3436 eum
351 3397 454 3453 magno
468 3377 528 3434 fore
543 3377 681 3451 periculo,
696 3375 803 3450 siquid
823 3375 873 3431 illo
888 3374 1046 3448 imperante

145 3458 174 3514 in
189 3458 319 3532 AEgypto
333 3456 450 3513 adversi
464 3454 630 3512 accidisset.
672 3454 803 3526 Namque
818 3470 882 3508 eam
897 3470 964 3507 1111
979 3469 1047 3506 con·
1066 3451 1085 3508 4
1110 3492 1111 3495 ¹

144 3535 327 3593 suetudinem
350 3534 469 3608 regiam,
493 3543 524 3589 ut
547 3551 632 3589 casus
653 3532 790 3588 adversos
811 3527 974 3585 hominibus
998 3528 1047 3583 tri·

145 3613 240 3683 buant,
254 3614 400 3670 secundos
414 3612 532 3669 fortuna
546 3629 623 3668 suae:
645 3626 700 3685 quo
714 3607 787 3678 fieri,
800 3616 831 3664 ut
844 3604 931 3662 facile
945 3604 1046 3680 impel-
