2474 4080
250 265 292 324 26
502 255 541 319 V.
578 263 607 331 2,
624 263 654 330 3,
669 260 699 319 4.
748 254 902 334 (Cimon.)

217 409 232 464 1
295 403 336 462 ΙΙ.
365 402 432 459 Tali
446 402 530 458 modo
547 401 677 457 custodia
693 401 829 457 liberatus
845 400 949 456 Cimon
966 399 1101 456 celeriter
1120 400 1156 457 ad

255 481 445 558 principatum
463 480 602 555 pervenit.
644 479 777 536 Habebat
796 478 873 534 enim
890 477 960 533 satis
975 472 1158 550 eloquentiae,

256 577 395 616 summam
418 558 626 626 liberalitatem,
647 575 781 631 magnam
802 555 980 632 prudentiam
1001 565 1061 610 tum
1081 556 1157 631 juris

256 636 361 705 civilis,
381 647 441 692 tum
464 636 507 691 rei
530 636 671 704 militaris,
695 635 855 708 quodcum
877 645 993 707 patrea
1014 652 1103 707 puero
1126 633 1158 691 in

257 715 431 771 exercitibus
457 713 550 770 fuerat
570 725 710 769 versatus.
765 713 864 785 Itaque
889 711 937 767 hic
964 721 992 767 et
1019 713 1158 785 populum

255 793 393 848 urbanum
419 792 449 847 in
473 811 525 848 sua
548 792 639 847 tenuit
662 801 812 866 potestate,
842 802 870 845 et
895 789 969 863 apud
997 788 1158 846 exercitum

216 874 236 928 2
256 864 408 946 'plurimum
427 870 516 925 valuit
536 869 712 925 auctoritate.
763 868 888 925 Primum
908 868 1060 941 imperator
1081 867 1158 942 apud

256 949 363 1005 flumen
398 948 550 1022 Strymona
582 966 702 1021 magnas
737 945 836 1020 copias
865 944 1011 1001 Thracum
1037 943 1157 1020 fugavit,

257 1027 393 1101 oppidum
417 1025 612 1099 Amphipolim
645 1025 799 1092 constituit,
825 1042 915 1096 eoque
944 1023 1047 1078 decem
1075 1023 1159 1079 milia

257 1103 478 1160 Atheniensium
497 1103 526 1157 in
550 1103 691 1157 coloniam
705 1102 792 1157 misit.
844 1102 926 1158 Idem
953 1101 1056 1156 iterum
1081 1100 1159 1174 apud

257 1183 396 1257 Mycalen
418 1180 588 1254 Cypriorum
602 1192 631 1235 et
652 1181 821 1236 PhoenIcum
841 1180 1025 1235 ducentarum
1041 1180 1158 1241 navium

218 1261 237 1316 3
259 1259 384 1314 classem
404 1257 548 1313 devictam
568 1259 662 1333 cepit,
685 1257 904 1330 eodemquedie
924 1257 987 1331 pari
1001 1255 1112 1312 fortuna
1126 1257 1158 1314 in

279 1361 316 1400 466
375 1347 450 1390 terra
460 1355 529 1391 usus
546 1347 600 1391 est.
635 1337 765 1408 Namque
781 1334 1038 1409 hostiurnpavibus
1054 1335 1157 1409 captis,

256 1420 276 1448 ἢ·
285 1410 309 1448 ⁰·
318 1420 339 1448 ¹¹·
377 1414 472 1468 statim
485 1433 523 1469 ex
538 1415 633 1470 classe
649 1414 748 1488 copias
770 1433 837 1469 suas
853 1412 960 1480 eduxit,
975 1414 1158 1470 barbaromm

219 1494 238 1547 4
261 1490 341 1566 [que]
369 1510 426 1546 uno
446 1510 587 1547 concursu
614 1492 766 1548 maximam
792 1492 851 1547 vim
873 1491 1033 1565 prostravit.
1091 1491 1158 1556 Qua

258 1569 378 1624 victoria
403 1588 507 1643 magna
527 1570 624 1643 praeda
650 1571 755 1644 potitus
781 1588 866 1642 quum
893 1569 1007 1624 domum
1030 1580 1157 1625 reverte-
1221 1602 1227 1613 ·

258 1657 343 1714 retur,
367 1647 442 1719 quod
465 1648 525 1722 jam
547 1649 691 1704 nonnullae
711 1649 813 1704 insuloe
837 1659 951 1722 propter
971 1647 1158 1704 acerbitatem

259 1723 372 1798 imperii
387 1725 561 1794 defecerant,
575 1728 649 1782 bene
665 1725 803 1782 animatas
811 1724 1003 1792 confirmavit,
1015 1724 1157 1781 alienatas
1225 1724 1228 1729 '

219 1807 238 1858 5
260 1803 296 1858 ad
310 1802 436 1859 officium
457 1804 551 1860 redire
573 1805 676 1879 coegit.
719 1805 850 1878 Scyrum,
871 1821 955 1876 quam
973 1821 1009 1858 eo
1027 1813 1157 1877 tempore

260 1880 389 1956 Dolopes
413 1881 585 1952 incolebant,
610 1883 685 1956 quod
709 1881 904 1938 contumacius
933 1900 966 1936 se
994 1891 1155 1954 gesserant,

243 1959 429 2028 -vecuefecit,
444 1979 576 2017 sessores
590 1973 704 2017 veteres
718 1963 787 2017 urbe
800 1960 948 2031 insulaque
963 1958 1059 2032 ejecit,
1072 1978 1156 2033 agros

260 2036 370 2095 civibus
392 2039 498 2095 divisit.
539 2039 666 2094 Thasios
687 2039 833 2112 opulentia
851 2037 939 2092 fretos
961 2054 1013 2092 suo
1034 2037 1159 2094 adventu
1203 2062 1206 2067 ·

286 2141 323 2178 461
378 2114 473 2189 fregit.
509 2116 566 2171 His
581 2135 618 2171 ex
631 2116 772 2171 manubiis
788 2116 963 2171 Athenarum
977 2132 1036 2183 arx,
1051 2133 1107 2188 qua
1121 2115 1158 2172 ad

261 2198 282 2227 ⁸·
294 2188 317 2227 ⁰·
331 2199 352 2226 ¹²·
378 2193 528 2247 meridiem
539 2195 640 2266 vergit,
655 2204 700 2248 est
714 2203 821 2248 ornata.

222 2273 237 2326 1
299 2268 356 2326 III.
387 2268 498 2333 Quibus
526 2272 610 2325 rebus
632 2289 716 2342 quum
739 2289 810 2325 nnus
835 2270 865 2325 in
889 2270 1003 2327 civitate
1032 2271 1156 2328 maxime

281 2370 317 2408 464
379 2346 502 2414 floreret,
516 2347 618 2402 incidit
631 2347 661 2402 in
676 2348 806 2403 eamdem
820 2348 965 2417 invidiam,
980 2368 1065 2422 quarn
1075 2360 1158 2423 pater

257 2428 277 2458 ι
287 2419 310 2457 ⁰·
320 2429 341 2456 ¹²·
379 2441 447 2478 suus
458 2424 602 2496 ceterique
613 2426 833 2480 Atheniensium
843 2427 999 2501 principes.
1015 2427 1157 2484 Namtes·
1221 2474 1232 2495 ,

259 2508 351 2554 tarum
371 2500 526 2575 suffragiis,
550 2503 625 2575 quod
648 2504 691 2559 illi
712 2505 885 2581 dorganiopb
914 2516 1026 2573 vocant,
1054 2505 1157 2562 decem

220 2581 399 2635 2annorum
422 2580 526 2635 exsilio
552 2583 685 2638 multatus
714 2592 768 2637 est.
823 2583 913 2657 Cujus
939 2582 1007 2637 facti
1032 2584 1156 2640 celerius

261 2656 467 2727 Athenienses,
491 2678 574 2731 quam
598 2660 700 2734 ipsum,
724 2660 862 2734 poenituit.
904 2661 980 2716 Nam
1000 2681 1086 2734 quum
1106 2663 1156 2718 ille

261 2735 355 2791 animo
368 2733 434 2792 sorti
448 2737 564 2793 invidiae
577 2738 750 2812 ingratorum
764 2738 869 2793 civium
878 2737 1027 2804 cessisset,
1038 2740 1157 2795 bellum·

260 2831 315 2885 que
330 2813 544 2870 Lacedaemonii
558 2816 783 2872 Atheniensibus
794 2817 982 2872 indixissent:
1005 2816 1158 2874 confestim

222 2893 240 2946 3
260 2901 335 2945 notae
349 2892 411 2964 ejus
425 2892 536 2947 virtutis
558 2893 732 2949 desiderium
753 2905 939 2949 consecutum
958 2904 1012 2949 est.
1058 2896 1157 2968 Itaque

260 2976 326 3041 post
350 2984 453 3023 annum
473 2970 609 3042 quintum,
631 2989 715 3042 quam
736 2973 873 3045 expulsus
899 2982 967 3040 erat,
988 2971 1018 3027 in
1038 2974 1159 3046 patriam

260 3054 412 3100 revocatus
435 3057 488 3101 est.
538 3047 602 3114 llle,
627 3048 702 3120 quod
724 3048 853 3126 hospitio
875 3049 1159 3107 Lacedaemoniorum

260 3122 399 3189 utebatur,
414 3125 504 3180 satius
526 3124 703 3194 existimans,
721 3127 895 3183 contendere
911 3127 1158 3198 Lacedaembnem,

261 3216 315 3254 sua
328 3211 429 3272 sponte
444 3214 489 3256 est
498 3202 653 3276 profectus
662 3223 819 3278 pacemque
829 3205 903 3261 inter
913 3205 984 3261 duas
993 3206 1159 3281 potentissi-

220 3281 242 3334 4
285 3300 323 3341 450
379 3295 440 3333 mas
456 3280 586 3335 civitates
602 3282 775 3337 conciliavit.
811 3283 891 3351 Post,
901 3301 995 3356 neque
1010 3285 1050 3340 ita
1060 3286 1158 3353 multo,

261 3357 282 3388 ⁸·
295 3349 319 3388 ⁰·
331 3359 353 3388 ¹¹·
381 3354 509 3430 Cyprum
521 3376 585 3413 cum
596 3347 727 3415 ducentis
738 3359 858 3416 naribus
873 3361 1026 3434 imperator
1039 3363 1158 3431 missua,

258 3457 351 3549 ,th
379 3436 932 3572 tttutb‘ltttffrtoetmel-³3
947 3439 1115 3573 dll⁶llll‘'
1129 3441 1160 3497 a

311 3533 317 3546 ·
704 3535 724 3571 n
792 3535 839 3571 1ο
879 3535 911 3571 11
944 3535 976 3572 es
1001 3535 1031 3571 m
1094 3536 1139 3574 us.

222 3589 239 3649 l
300 3578 355 3648 lv.
376 3587 464 3648 Hunc
483 3532 685 3648 ‘Atheiiienses’
702 3534 873 3652 nonpiolum
896 3593 927 3651 in
947 3592 1109 3663 bell0„eed
1129 3595 1160 3656 in
