2474 4080
424 248 480 314 VI.
517 258 543 313 l.
589 251 786 334 (Lysander.)
1020 261 1062 320 27

154 413 230 471 pace
245 396 294 452 diu
317 397 560 454 desideraverunt.
602 399 668 454 Fuit
689 399 766 454 enim
779 409 857 455 tanta
875 400 1056 472 liberalitate,

155 492 242 548 quum
267 475 460 549 compluribus
483 476 556 531 locis
575 477 681 550 praedia
703 476 855 550 hortosque
877 478 1004 549 haberet,
1025 491 1056 536 ut

153 571 308 626 numquam
321 554 352 609 in
374 554 417 609 eis
440 555 588 610 custodem
608 554 776 628 imposuerit
791 555 898 611 fructus
920 559 1055 614 servandi

155 631 256 705 gratia,
270 651 308 686 ne
323 632 386 705 quis
408 632 601 705 impediretur,
616 651 672 705 quo
692 633 786 688 minus
802 635 864 708 ejus
885 636 979 703 rebus,
994 637 1054 709 qui·

153 709 208 765 bus
229 710 348 782 quisque
363 710 460 778 vellet,
481 709 629 766 frueretur.
673 711 795 784 Semper
816 731 881 768 eum
903 713 1054 787 pedisequi
1073 719 1091 771 2

154 804 221 842 cum
234 789 357 844 nummis
372 798 437 844 sunt
453 789 555 856 secuti,
570 800 608 856 ut,
623 789 648 843 si
663 789 726 861 quis
743 789 807 863 opis
826 791 888 864 ejus
903 791 1052 865 indigeret,

153 863 282 933 haberet,
288 866 363 938 quod
371 867 466 922 statim
477 867 608 935 daretne
619 867 778 922 differendo
783 868 927 923 videretur
937 888 1052 943 negare.

154 943 252 1018 Saepe,
277 963 361 1017 quum
385 945 509 1017 aliquem
533 946 674 1001 offensum
699 945 809 1000 fortuna
831 946 941 1001 videret
960 948 1053 1004 minus

98 1028 124 1091 t,
152 1022 228 1078 bene
239 1023 381 1091 vestitum,
393 1042 474 1078 suum
490 1024 642 1079 amiculum
656 1024 744 1079 dedit.
767 1023 902 1088 Quotidie
917 1024 960 1080 sic
973 1045 1054 1082 coena
1074 1029 1091 1082 3

153 1098 182 1155 ei
198 1101 380 1172 coquebatur,
392 1112 431 1169 ut,
442 1119 513 1173 quos
528 1100 675 1157 invocatos
690 1102 813 1157 vidisset
827 1102 857 1156 in
870 1101 940 1170 foro,
952 1120 1051 1159 omnes

151 1177 323 1234 devocaret:
359 1179 435 1251 quod
457 1178 554 1236 facere
576 1181 685 1235 nullum
710 1180 787 1236 diem
814 1181 1051 1253 praetermittebat.

152 1254 235 1312 Nulli
249 1256 322 1312 fides
338 1258 410 1333 ejus,
423 1258 495 1313 nulli
517 1277 613 1331 opera,
627 1259 698 1314 nulli
718 1277 766 1313 res
781 1257 928 1314 familiaris
944 1259 1052 1329 deluit;

149 1335 255 1390 multos
276 1334 479 1409 locupletavit3
501 1336 662 1409 complures
683 1355 825 1410 pauperes
846 1347 980 1404 mortuos
994 1338 1052 1410 qui,

150 1412 227 1468 unde
252 1410 428 1481 efferrentur,
452 1431 510 1469 non
536 1413 729 1486 reliquissent,
752 1432 804 1470 suo
826 1425 919 1470 sumtu
942 1415 1050 1472 extulit.

152 1489 203 1546 Sic
216 1510 249 1546 se
264 1491 390 1564 gerendo
404 1491 521 1548 minime
537 1503 582 1548 est
594 1492 762 1562 mirandum,
774 1491 800 1548 si
815 1503 844 1547 et
856 1492 915 1548 vita
926 1493 988 1567 ejus
1000 1492 1053 1550 fuit
1071 1496 1091 1554 4

150 1586 265 1638 secura,
281 1579 310 1624 et
323 1587 399 1625 mors
414 1571 527 1626 acerba.

332 1993 416 2068 VI.
473 1993 865 2069 LYSANDER.

439 2317 750 2375 ARGUMENTUM.

151 2448 248 2506 CAP.
259 2448 285 2506 Ι.
297 2450 469 2504 Athenarum
477 2450 579 2514 uictum
594 2448 757 2503 decemviros
769 2448 880 2504 Groeciae
891 2449 1050 2506 ciuitatibus

188 2531 310 2603 imponit.
344 2527 388 2582 II.
414 2526 543 2592 Crudelis
558 2528 587 2581 in
603 2525 731 2581 Thasios
768 2526 830 2581 ΙΙΙ.
852 2527 946 2601 Reges
957 2528 1049 2583 tollere

188 2617 215 2662 et
229 2606 367 2662 oraculum
382 2624 549 2679 corrumpere
564 2615 696 2669 conatur;
718 2613 864 2667 accusatus
879 2605 1048 2660 absolvitur:

187 2685 319 2739 occiditur
328 2704 345 2738 u
358 2682 505 2738 Thebanis.
534 2683 553 2738 I
556 2683 589 2737 V.
605 2680 1049 2757 LysanderPlrurnubuzisraude

187 2783 216 2818 se
231 2764 288 2838 ipse
301 2772 423 2816 accusat.

337 2854 352 2877 Ἰ

187 2889 212 2946 Ι.
245 2890 404 2964 Lysander,
430 2888 677 2957 Lacedaemonius,
704 2905 837 2962 magnam
863 2886 978 2960 reliquit
1001 2887 1046 2944 sui
1069 2893 1083 2946 1

146 2967 259 3036 samam,
281 2968 373 3042 magis
398 2967 546 3035 felicitate,
569 2985 652 3039 quam
673 2966 776 3022 virtute
798 2976 916 3040 partam.
958 2966 1047 3023 Athe·

145 3045 266 3102 nienses
283 3045 403 3101 enimin
425 3045 654 3118 Peloponnesios
676 3055 758 3099 sexto
772 3055 801 3100 et
814 3044 953 3115 vicesimo
971 3063 1045 3100 anno

145 3125 253 3180 bellum
281 3134 415 3197 gerentes
438 3123 601 3178 confecisse
623 3133 749 3196 apparet.
800 3123 834 3177 Id
858 3140 912 3194 qua
937 3123 1046 3178 ratione

147 3213 320 3258 consecutus
336 3201 382 3270 sit,
398 3202 476 3256 latet.
518 3201 585 3256 Non
606 3201 683 3255 enim
703 3201 804 3255 virtute
827 3199 871 3255 sui
885 3200 1045 3268 exercitus,
1066 3205 1084 3257 2

147 3280 200 3335 sed
228 3280 408 3335 immodestia
433 3278 538 3334 factum
561 3289 606 3333 est
630 3277 864 3345 adversariorum,
893 3277 949 3350 qui,
972 3278 1047 3350 quod

147 3357 224 3413 dicto
241 3358 390 3413 audientes
412 3357 627 3431 imperatoribus
650 3355 710 3411 suis
732 3373 789 3410 non
811 3366 899 3423 erant,
914 3355 1047 3428 dispalati

146 3435 176 3492 in
192 3437 278 3510 agris,
293 3436 403 3490 relictis
424 3434 555 3502 navibus
576 3435 606 3489 in
626 3433 750 3489 hostium
765 3443 903 3488 venerunt
923 3443 1066 3506 potesta-¹

146 3522 216 3569 tem.
257 3515 322 3579 Quo
336 3513 411 3568 sacto
428 3512 622 3568 Athenienses
637 3531 669 3567 se
685 3509 914 3566 Lacedaemoniis
929 3509 1046 3566 dedide-

148 3602 221 3648 runt.
251 3591 317 3649 Hac
328 3591 448 3646 victoria
463 3590 613 3667 Lysander
628 3591 730 3656 elatus,
741 3605 826 3659 quum
837 3596 921 3642 antea
931 3604 1046 3660 semper
1066 3589 1084 3643 3
