2474 4080
388 281 463 347 XX.
508 290 537 357 2,
552 291 581 346 3.
628 282 827 367 (Timoleon.)
1020 297 1062 354 83

149 435 224 495 sidio
239 435 301 504 fuit,
316 452 353 492 ue
368 436 434 511 quis
450 435 566 493 satelles
581 447 674 510 posset
685 455 869 496 succurrere.
913 439 977 497 Hoc
993 459 1063 516 prae-
1084 444 1104 499 5

152 515 349 573 clarissimum
366 514 431 589 ejus
452 512 566 570 facinus
586 533 641 571 non
665 516 727 591 pari
748 517 830 574 modo
851 518 1000 593 probatum
1021 531 1064 578 est

145 594 191 661 ¹ab
203 594 347 650 omnibus.
391 592 532 649 Nonnulli
555 593 633 648 enim
647 592 746 649 laesam
763 595 799 649 ab
814 616 847 652 eo
862 598 995 671 pietatem
1013 617 1061 672 pu-

150 671 259 739 tabant,
286 681 314 728 et
339 670 449 727 invidia
474 670 590 726 laudem
613 673 727 727 virtutis
750 673 926 730 obterebant.
968 676 1063 732 Mater

150 767 228 813 vero,
242 760 303 824 post
318 750 345 805 id
362 749 471 805 factum
486 767 581 821 neque
597 749 713 804 domum
736 750 771 805 ad
786 770 816 806 se
831 752 923 808 filium
939 754 1060 823 admisit,

146 846 249 903 ‚neque
264 826 402 902 adspexit,
417 828 487 902 quin
502 846 570 883 eum
586 826 763 883 fratricidam
779 829 957 904 impiumque
971 832 1060 888 detes-

151 916 218 963 tans
232 907 428 982 compellaret.
457 905 573 970 Quibus
588 906 673 962 rebus
688 905 757 962 adeo
772 906 821 962 ille
836 919 879 964 est
893 911 1060 978 commotus,
1082 915 1100 967 6

152 993 184 1040 ut
207 1002 424 1058 nonnumquam
446 980 512 1040 ritae
537 984 624 1039 linem
650 982 746 1039 facere
769 985 899 1052 voluerit,
915 998 1001 1062 atque
1026 1007 1061 1043 ex

150 1063 330 1138 ingratorum
345 1063 492 1118 hominum
508 1072 663 1136 conspectu
679 1074 767 1118 morte
783 1062 933 1120 decedere.

191 1139 230 1198 ll.
263 1139 383 1196 Interim
411 1139 505 1196 Dione
534 1140 689 1213 Syracusis
717 1140 876 1210 interfecto,
902 1142 1097 1217 Dionysiusl

150 1224 253 1287 rursus
268 1218 484 1292 Syracusarum
499 1220 605 1294 potitus
619 1229 678 1275 est:
700 1220 785 1293 cujus
801 1220 957 1276 adversarii
978 1242 1061 1297 opem

151 1315 169 1353 a
183 1296 338 1354 Corinthiis
352 1299 505 1372 petierunt,
518 1297 689 1371 ducemque,
701 1317 757 1371 quo
772 1299 801 1353 in
817 1298 891 1355 bello
901 1311 1058 1368 uterentur,

151 1375 343 1451 postularunt.
386 1376 455 1433 Huc
481 1375 632 1432 Timoleon
655 1376 760 1431 missus
784 1377 946 1433 incredibili
969 1377 1059 1434 felici-

150 1463 209 1510 tate
223 1452 396 1528 Dionysium
419 1465 477 1510 tota
499 1454 600 1511 Sicilia
614 1453 733 1528 depulit.
777 1453 876 1518 Quum
896 1457 1059 1513 interficere
1080 1462 1099 1513 2

151 1541 253 1609 posset,
283 1532 382 1601 noluit,
412 1542 529 1609 tutoque
559 1543 590 1588 ut
617 1532 787 1589 Corinthum
817 1535 987 1606 perveniret,
1017 1534 1056 1590 ef-

151 1608 240 1667 fecit:
262 1610 336 1686 quod
348 1623 547 1686 vutrorumque
573 1609 779 1684 Dionysiorum
793 1613 895 1686 opibus
918 1612 1058 1669 Corinthii

150 1707 227 1764 saepe
243 1688 334 1764 adjuti
355 1688 478 1758 fuerant,
493 1690 579 1764 cujus
602 1690 785 1764 benignitatis
800 1692 968 1746 memoriam
983 1692 1058 1747 vole-

147 1767 199 1833 bat
213 1778 328 1824 exstare
339 1787 348 1838 3
372 1787 495 1842 eamque
514 1769 685 1843 praeclaram
708 1768 859 1823 victoriam
881 1768 1012 1837 ducebat,
1029 1771 1058 1824 in

150 1865 207 1920 qua
222 1846 288 1920 plus
302 1856 378 1903 esset
392 1847 562 1914 clementiae,
577 1865 666 1921 quam
680 1845 878 1916 crudelitatis3
909 1858 1057 1920 postremo,

150 1934 182 1981 ut
196 1942 252 1981 non
268 1925 361 1983 solum
377 1925 496 1981 auribus
511 1926 702 2000 acciperetur,
717 1923 766 1980 sed
788 1924 875 1979 etiam
890 1925 981 1980 oculis
996 1944 1057 1980 cer-

150 2015 277 2072 neretur,
293 2022 378 2078 quem
404 2014 432 2060 et
457 2022 493 2060 ex
508 2015 614 2077 quanto
640 2021 728 2077 regno
743 2001 779 2057 ad
801 2021 890 2076 quam
916 2002 1058 2059 fortunam

150 2081 327 2150 detrusisset.
370 2082 436 2139 Post
450 2081 582 2155 Dionysii
598 2081 748 2138 decessum
765 2099 832 2137 cum
851 2081 955 2138 Hiceta
970 2082 1056 2137 bella·
1079 2087 1097 2140 3

150 2161 198 2228 vit,
214 2161 265 2234 qui
281 2159 451 2218 adversatus
467 2159 736 2233 fueraaDionysio:
759 2179 844 2233 quern
859 2179 915 2217 non
930 2161 992 2217 odio
1013 2171 1057 2234 ty·

150 2237 278 2297 raunidis
303 2239 480 2307 dissensisse,
506 2239 557 2312 sed¹
581 2239 745 2313 cupiditate,
769 2238 875 2296 indicio
898 2238 959 2308 fuit,
982 2239 1057 2313 quod

150 2317 218 2393 ipse,
235 2318 355 2392 expulso
370 2316 518 2391 Dionysio,
535 2319 688 2392 imperium
703 2318 845 2374 dimittere
860 2320 960 2375 noluit.
992 2319 1056 2375 Hoc
1074 2322 1096 2376 '4

149 2407 291 2470 superato,
309 2395 470 2467 Timoleon¹
486 2397 628 2452 maximas
648 2397 747 2471 copias
772 2390 1056 2474 Carthaginiensium

150 2473 225 2548 apud
240 2474 411 2539 Crimissum
426 2475 535 2546 fiumen
552 2474 672 2549 fugavit,
688 2493 723 2530 ac
738 2475 807 2529 satis
829 2474 935 2544 habere
953 2476 1055 2550 coegit,

149 2553 173 2608 si
194 2554 295 2620 liceret
320 2551 454 2625 Africam
477 2554 614 2619 obtinere,
630 2553 680 2625 qui
699 2551 760 2624 jam
785 2549 948 2626 complures
968 2571 1057 2609 annos

149 2632 355 2705 possessiouem
370 2631 479 2687 Siciliae
493 2632 638 2687 tenebant.
665 2628 749 2703 Cepit
762 2628 848 2702 etiam
866 2628 1055 2699 Mamercum,

148 2706 282 2766 Italicum
306 2709 420 2777 ducem,
437 2710 580 2765 bominem
605 2708 776 2782 bellicosum
789 2717 818 2762 et
832 2716 984 2780 potentem,
1006 2708 1056 2782 qui

148 2796 288 2862 tyrannos
304 2788 436 2861 adjutum
451 2787 480 2842 in
496 2786 627 2843 Siciliam
643 2793 771 2858 venerat.
1101 2793 1106 2803 ’

147 2930 152 2939 Ι
186 2865 240 2923 ΙΙΙ.
263 2866 379 2931 Quibus
395 2866 482 2921 rebus
497 2863 636 2922 confectis
650 2863 740 2937 quum
758 2872 872 2938 propter
886 2861 1054 2920 diuturnita-
1078 2869 1093 2922 1

146 2953 205 3001 tem
220 2945 290 3001 belli
312 2962 366 3001 non
382 2944 475 3001 solum
491 2942 698 3019 regionessed
719 2943 806 2998 etiam
822 2942 914 2998 urbes
928 2941 1055 3015 desertas

147 3023 267 3091 videret,
289 3023 472 3096 conquisivit,
487 3041 559 3096 quos
571 3086 574 3092 ,
584 3022 682 3096 potuit,
705 3021 829 3097 primum
852 3020 966 3077 Siculos
976 3041 994 3094 ;¹
1008 3021 1054 3077 de-

146 3101 212 3158 inde
237 3101 375 3158 Corintho
390 3101 677 3176 arcessivit·cblon0s‚
692 3099 766 3173 quod
790 3099 826 3154 ab
847 3100 891 3155 his
906 3099 986 3155 initio
1001 3099 1054 3174 Sy-

147 3198 261 3237 racusae
275 3190 357 3236 erant
372 3179 503 3248 conditae.
531 3179 667 3244 ,Civibus
681 3178 827 3232 veteribus
841 3197 895 3249 sua
907 3179 1051 3251 ¹restituit;
1075 3182 1094 3233 2

146 3261 229 3315 novis
254 3258 330 3314 bello
355 3256 540 3324 vacuefactas
567 3257 758 3331 possessiones
785 3254 900 3326 divisit3
940 3257 1054 3312 urbium

146 3338 254 3394 moenia
265 3335 386 3411 disjecta
398 3334 524 3408 fanaque
534 3335 647 3391 deserta
661 3333 761 3390 refecit
772 3333 962 3407 ,civitatibus
976 3333 1055 3408 leges

145 3415 367 3488 libertatemque
382 3412 521 3483 reddidit;
545 3432 580 3469 ex
595 3413 720 3468 maximo
734 3409 820 3479 ¹bello
840 3420 951 3467 tantum
965 3411 1056 3466 otium

145 3493 328 3562 totaeinsulae
342 3491 517 3558 conciliavit,
534 3500 565 3546 ut
588 3491 636 3546 hic
659 3488 787 3559 conditor
802 3488 917 3542 urbium
943 3504 1053 3553 earum,
1103 3500 1104 3503 ’

140 3564 201 3629 non
217 3572 271 3640 illi,
286 3571 337 3646 qui
363 3569 444 3624 initio
465 3567 652 3635 deduxerant,
669 3567 825 3623 videretur.
868 3565 979 3619 Arcem
999 3562 1053 3637 Sy.
1075 3567 1094 3619 8

146 3651 270 3718 racusis,
281 3666 370 3723 quam
382 3646 527 3712 munierat
533 3644 692 3729 Dionysius
704 3642 740 3699 ad
750 3639 852 3696 urbem
860 3639 1054 3709 obsidendam,
