2474 4080
454 213 480 277 I.
503 218 533 274 4.
557 215 759 295 (Miltiades.)
1013 227 1048 283 ll

145 358 251 433 oppida
272 359 379 415 tuenda
403 359 578 428 tradidisset,
602 361 714 434 quibus,
740 381 772 417 se
797 381 945 437 oppresso,
970 365 1050 421 nulla

146 457 214 511 spes
237 437 338 494 salutis
361 437 576 511 relinqueretur.
625 439 658 495 In
686 439 742 495 hoc
770 428 822 496 luit
848 453 906 497 tum
930 461 1049 500 numero

146 515 304 583 Miltiades,
317 515 364 571 cui
375 516 425 572 illa
440 516 570 571 custodia
585 517 756 573 crederetur.
792 520 850 575 Hic
860 540 945 592 quum
957 522 1049 577 crebri
1070 525 1088 578 3

146 594 282 649 afferrent
295 593 396 663 nuntii,
410 595 484 649 male
505 613 565 649 rem
588 613 688 668 gerere
711 596 839 666 Darium,
872 599 999 671 remique
1014 601 1049 655 ab

148 671 277 745 Scythis,
292 671 441 728 Miltiades
456 671 583 728 hortatus
599 685 644 727 est
657 673 751 747 pontis
764 617 908 745 custodes,
919 695 955 732 ne
968 696 984 732 a
996 677 1050 733 for·

146 761 213 805 tuna
232 750 327 805 datam
347 750 532 806 occasionem
551 749 707 807 liberandae
731 751 850 809 Graeciae
867 753 1049 810 dimitterent.

148 828 224 883 Nam
245 827 270 883 si
294 846 360 883 cum
386 826 433 883 his
457 828 560 900 copiis,
582 847 652 901 quas
681 848 781 885 secum
803 842 1050 905 transportaverat,
1071 836 1089 888 4

146 906 295 962 interisset
316 905 432 975 Darius,
445 924 504 961 non
525 906 618 961 solum
640 906 786 980 Europam
807 908 867 965 fore
888 920 983 978 tutam,
1000 910 1052 966 sed

147 984 233 1039 etiam
249 1002 309 1052 eos,
324 984 372 1056 qui
386 983 487 1039 Asiam
502 983 662 1039 incolerent
674 984 769 1041 Graeci
784 1005 900 1059 genere,
915 988 1020 1043 liberos
1035 1007 1052 1043 a

148 1062 301 1118 Persarum
315 1062 424 1118 futuros
444 1061 637 1118 dominatione
652 1072 681 1118 et
694 1063 833 1136 periculo.
874 1065 908 1120 ld
923 1077 951 1120 et
965 1064 1051 1121 facile

148 1140 224 1196 effici
244 1158 351 1214 posse;
373 1152 459 1213 ponte
481 1139 559 1196 enirn
578 1140 716 1209 rescisso,
738 1160 838 1216 regern
857 1143 905 1199 vel
926 1143 1053 1199 hostiurn

147 1218 231 1288 ferro,
245 1219 292 1274 vel
304 1219 400 1292 inopia
411 1218 513 1291 paucis
527 1216 630 1275 diebus
644 1218 830 1276 interiturum.
866 1221 911 1277 Ad
919 1221 974 1277 hoc
985 1240 1052 1277 con·
1073 1226 1091 1277 5

148 1297 244 1353 silium
258 1316 343 1369 quum
357 1297 487 1372 plerique
502 1296 685 1366 accederent,
701 1296 842 1354 Histiaeus
857 1300 1002 1367 Milesius
1014 1319 1051 1355 ne

147 1394 194 1430 res
215 1377 413 1443 conficeretur,
437 1375 554 1442 obstitit,
579 1374 698 1431 dicens:
721 1394 778 1432 non
801 1376 879 1433 idem
900 1378 982 1451 ipsis,
1004 1378 1052 1451 qui

148 1472 272 1509 summas
288 1453 401 1527 imperii
416 1464 557 1520 tenerent,
573 1453 710 1527 expedire
730 1466 759 1510 et
778 1455 958 1523 multitudini,
977 1455 1052 1528 quod

149 1532 231 1587 Darii
245 1550 333 1606 regno
349 1531 475 1606 ipsorum
496 1531 633 1587 niteretur
646 1532 818 1600 dominati03
840 1553 895 1606 quo
910 1535 1051 1589 exstincto

149 1610 227 1683 ipsos
250 1621 391 1684 potestate
416 1610 553 1682 expulsos
577 1610 687 1666 civibus
716 1612 776 1667 suis
802 1630 902 1686 poenas
927 1612 1051 1667 daturos.

148 1689 247 1761 Itaque
270 1686 342 1744 adeo
358 1707 391 1744 se
409 1687 562 1743 abhorrere
577 1707 594 1743 a
609 1701 768 1745 ceterorum
789 1690 921 1757 consilio,
936 1702 966 1745 ut
980 1688 1052 1744 nihil

147 1777 227 1840 putet
245 1766 318 1841 ipsis
339 1766 448 1833 utilius,
462 1785 546 1838 quam
568 1766 728 1824 confirmari
747 1786 867 1842 regnum
889 1768 1051 1823 Persarum.

149 1846 244 1919 Hujus
259 1864 343 1917 quum
359 1844 532 1901 sententiam
545 1843 659 1919 plurimi
669 1856 769 1900 essent
779 1846 882 1912 secuti,
895 1846 1051 1912 Miltiades,
1074 1847 1091 1899 6

147 1941 205 1978 non
220 1922 362 1991 dubitanS,
372 1934 429 1978 tam
443 1923 539 1978 multis
555 1922 682 1978 consciis
695 1922 730 1977 ad
745 1922 822 1996 regis
835 1941 919 1977 aures
931 1923 1053 1976 consilia

148 2021 201 2056 sua
215 2012 396 2075 perventura,
407 2000 623 2057 Chersonesum
637 2000 759 2073 reliquit,
772 2021 804 2056 ac
817 2018 913 2056 rursus
924 1998 1052 2054 Athenas

148 2079 327 2154 demigravit.
370 2078 468 2154 Cujus'
481 2079 553 2135 ratio
575 2078 629 2135 etsi
646 2096 703 2134 non
717 2080 814 2147 valuit,
829 2090 922 2134 tamen
937 2094 1052 2150 magno·

148 2177 217 2232 pere
233 2170 277 2214 est
292 2157 443 2224 laudanda,
458 2176 543 2231 quum
558 2157 677 2213 audcior
688 2156 814 2214 omnium
826 2154 959 2223 libertati,
968 2174 1052 2228 quam

149 2256 206 2293 suae
221 2235 307 2292 fuerit
320 2236 515 2292 dominationi.

188 2314 241 2371 IV.
259 2314 365 2371 Darius
381 2324 484 2383 autem,
493 2332 578 2387 quum
589 2333 626 2369 ex
636 2314 752 2399 Europa
762 2313 792 2369 in
806 2310 907 2367 Asiam
917 2310 1051 2381 redisset,
1059 2377 1063 2385 Ι
1064 2314 1092 2391 J

148 2392 325 2449 hortantibus
340 2392 452 2461 amicis,
460 2402 492 2447 ut
503 2390 645 2449 Graeciam
659 2393 804 2465 redigeret
818 2388 847 2444 in
861 2407 942 2443 suam
955 2393 1063 2461 potest*

150 2480 245 2540 tatem,
260 2472 387 2527 classem
400 2470 618 2545 quingentarum
637 2468 750 2525 navium
764 2466 949 2539 comparavit,
967 2465 1051 2539 eique

151 2548 248 2605 Datim
262 2547 391 2623 praesecit
405 2558 435 2605 et
454 2548 680 2623 Artaphernem
701 2543 804 2616 hisque
826 2543 951 2598 ducenta
971 2541 1052 2617 pedi-

150 2636 217 2693 tum,
235 2627 338 2684 decem
360 2626 441 2683 milia
462 2628 586 2700 equitum
606 2620 701 2677 dedit:
725 2639 843 2675 causam
865 2621 1052 2689 interserens,

151 2704 308 2763 sebastem
323 2724 390 2762 esse
400 2702 635 2766 Atheniensibus,
644 2697 719 2770 quod
734 2715 831 2752 eorum
846 2697 952 2752 auxilio
964 2697 1051 2754 Iones

152 2784 251 2840 Sardis
262 2793 485 2858 expugnassent,
497 2796 603 2848 suaque
614 2775 748 2849 praesidia
759 2774 980 2830 interfecissent.
1003 2775 1051 2832 Illi
1071 2779 1089 2833 2

150 2861 277 2936 praelecti
291 2861 374 2936 regii,
387 2862 483 2917 classe
496 2856 539 2911 ad
549 2854 689 2910 Euboeam
698 2853 826 2928 appulsa,
836 2852 970 2908 celeriter
979 2852 1051 2909 Ere·

149 2940 231 2995 triam
245 2950 391 3015 ceperunt,
406 2953 561 3006 omnesque
583 2934 645 3007 ejus
667 2932 761 3006 gentis
777 2931 857 2987 cives
872 2932 1004 3004 abreptos
1022 2930 1052 2987 in

150 3018 250 3073 Asiam
265 3018 301 3074 ad
315 3033 413 3090 regern
432 3013 580 3068 miserunt.
622 3010 693 3067 Inde
716 3010 751 3065 ad
771 3010 895 3065 Atticam
916 3028 1052 3066 accesse-

149 3106 222 3163 runt,
237 3115 271 3151 ac
286 3112 353 3149 suas
368 3090 467 3164 copias
481 3088 511 3144 in
531 3107 662 3162 campum
683 3087 853 3143 Marathona
864 3086 1051 3142 deduxerunt.

151 3174 180 3230 Is
196 3175 277 3229 abest
290 3172 325 3226 ab
340 3168 446 3243 oppido
463 3167 579 3222 circiter
594 3166 672 3221 milia
685 3183 822 3238 passuum
836 3165 948 3221 decem.
984 3164 1051 3221 Hoc
1072 3166 1091 3221 3

149 3251 269 3306 tumultu
283 3246 479 3304 Athenienses
494 3254 552 3300 tam
571 3263 605 3317 pr
613 3243 729 3317 tpinquo
743 3253 855 3315 tamque
871 3260 973 3315 magno
987 3260 1052 3316 per-

150 3328 218 3384 moti
232 3326 370 3382 auxilium
380 3341 528 3395 nusquam,
539 3322 596 3377 nisi
608 3340 624 3376 a
635 3320 871 3388 Lacedaemoniis,
880 3320 1052 3393 petiverunt,

150 3402 410 3478 Phidippidemque
432 3418 577 3465 cursorem
597 3398 659 3473 ejus
681 3397 806 3468 geuene,
820 3398 868 3471 qui
888 3396 1052 3473 ἡμεςοδςόμοι

149 3493 297 3547 vocantur,
319 3478 558 3536 Lacedaemonem
579 3476 726 3540 miserunt,
749 3485 779 3528 ut
797 3475 947 3541 nuntiaret,
969 3491 1053 3546 quam

150 3558 241 3616 celeri
251 3575 324 3632 opus
336 3566 416 3612 esset
424 3555 540 3611 auxilio.
563 3550 753 3609 Domiautem
764 3561 862 3606 creant
872 3550 974 3607 decem
981 3567 1053 3622 proe·
1072 3552 1093 3608 4
