2474 4080
184 299 228 358 44
463 292 505 356 x.
549 301 624 371 6,.11
669 294 789 376 (nan.)

180 438 377 528 deducerent),
391 449 421 495 ut
435 459 467 496 se
486 440 523 496 de
544 441 691 515 superiore
711 451 791 515 parte
812 441 916 499 adium
929 440 1117 537 dejecerit,

181 528 264 590 atque
280 517 319 572 ita
332 517 480 573 interierit
523 518 583 574 Sed
597 519 664 574 illuc
680 530 815 576 revertor.

143 601 157 654 l
220 595 258 651 V.
280 594 433 669 Postquam
447 596 614 652 Corinthum
627 597 759 671 pervenit
773 596 850 654 Dron
861 609 891 653 et
901 598 1080 675 6616611161-

202 698 240 738 ³57
298 672 370 748 fugit
390 673 573 742 Heraclides,
593 674 744 730 abeodem
764 675 902 750 expulsus
924 676 1079 765 Dionysio,

87 781 91 790 ·
180 748 1079 826 ι·0·“·116111116166166166161611611661;611111116116661161-

140 832 159 884 2
180 830 238 885 lum
260 848 425 904 comparare
447 840 603 903 coeperunt.
646 829 706 885 Sed
726 848 784 886 non
803 831 922 887 multum
945 831 1079 906 profi'oie·

179 908 255 978 bant,
287 908 362 982 quod
396 908 546 963 multorum
582 926 718 962 annorum
751 909 880 981 tyrannis
909 928 1078 984 magnarum

179 1004 265 1060 opum
277 988 433 1061 putabatur.
475 985 569 1048 Quam
583 987 618 1040 ob
633 1004 748 1041 6666661
762 986 847 1059 pauci
858 986 894 1042 ad
908 987 1079 1045 societatem

141 1065 158 1118 3
179 1064 301 1152 periculi
315 1063 550 1138 perducebantur
593 1063 653 1118 Sed
669 1062 754 1132 Dion,
768 1062 857 1119 fretus
871 1082 929 1121 nou
941 1075 1001 1120 tam
1014 1066 1076 1122 61116

180 1142 281 1229 copiis,
296 1159 380 1214 quam
399 1140 465 1195 odio
485 1140 606 1227 tyranni,
626 1141 749 1196 maximo
770 1141 864 1197 animo
878 1141 988 1198 duabus
1008 1160 1077 1199 ono-

179 1220 261 1274 rariis
286 1219 406 1273 navibus
431 1217 633 1291 quinquaginta
653 1236 790 1274 annorum
810 1218 969 1306 imperium,
985 1221 1077 1277 muni·

178 1306 236 1351 tum
250 1295 412 1370 quingentis
433 1295 527 1368 longis
546 1294 676 1364 navibuS,
691 1296 792 1352 decem
813 1296 947 1370 equitum,
962 1307 1077 1354 centum

178 1373 307 1448 peditum
320 1372 445 1440 1111111166,
459 1372 603 1446 proiectus
624 1385 825 1447 oppugnatum,
840 1374 927 1449 (quod
943 1375 1076 1432 omnibus

179 1452 311 1525 gentibus
337 1451 501 1506 admirabile
524 1461 569 1505 est
582 1451 686 1524 visum)
701 1451 773 1506 adeo
793 1451 879 1507 166116
899 1453 1031 1527 perculit,
1045 1463 1077 1510 nt

178 1540 243 1603 post
263 1529 340 1584 diem
358 1529 479 1595 tertium,
493 1546 577 1600 quam
599 1528 731 1584 Siciliam
751 1529 890 1603 attigerat,
913 1530 1075 1604 Syracusas

179 1605 327 1662 introierit.
369 1606 417 1662 Ex
437 1623 491 1678 quo
513 1605 635 1679 intelligi
649 1616 752 1680 potest,
767 1607 876 1662 nullum
897 1626 963 1663 6666
984 1607 1089 1682 impe-⁵

139 1683 251 1740 trium
271 1696 368 1753 tutum,
388 1684 446 1739 nisi
469 1682 671 1739 benevolentia
690 1685 836 1740 munitum
878 1684 924 1740 Eo
946 1697 1075 1760 tempore

179 1764 276 1818 aberat
290 1728 458 1837 Diodysius,
474 1761 546 1817 etin
561 1760 644 1817 Italia
664 1762 790 1817 classem
803 1763 1012 1850 opperiebatur,
1026 1763 1076 1820 ad·

178 1841 369 1897 versariorum
387 1852 463 1896 ratus
482 1840 626 1895 neminem
648 1839 711 1895 6166
732 1840 844 1914 magnis
870 1840 963 1928 copiis
983 1841 1020 1897 ad
1040 1860 1074 1898 se

139 1916 716 1984 5166161661.(166166661616161111
758 1917 1075 2007 Ν616Β166116111616,

178 1997 226 2071 qui
255 1999 307 2054 sub
335 1996 491 2053 adversarii
518 1995 629 2051 fuerant
656 2005 705 2069 pot
706 2015 738 2050 es
740 2005 807 2063 1616,
831 1995 927 2069 regios
956 1996 1075 2070 spiritus

179 2076 326 2149 repressit,
340 2075 481 2147 totiusque
497 2074 560 2146 ejus
581 2075 668 2147 partis
692 2073 800 2128 Siciliae
821 2074 925 2148 potitus
943 2083 997 2142 est,
1012 2093 1076 2147 quae

179 2154 231 2208 sub
247 2153 382 2226 Dionysii
396 2162 536 2224 potestate
551 2150 660 2219 fuerat3
674 2151 791 2225 parique
803 2150 887 2207 modo
897 2151 975 2207 urbis
988 2152 1075 2226 Syra-

179 2248 319 2296 cusarum,
339 2239 440 2302 praeter
460 2246 556 2283 arcem
577 2239 605 2283 et
627 2229 749 2284 insulam
768 2229 928 2303 adjunctam
950 2229 1074 2304 oppido;

140 2309 157 2362 6
180 2324 270 2378 eoque
285 2325 346 2361 rem
360 2305 500 2378 perduxit,
511 2316 541 2359 ut
554 2307 658 2361 talibus
672 2307 852 2379 pactionibus
866 2326 969 2381 pacem
979 2318 1074 2381 tyran-

178 2403 232 2440 nus
260 2383 356 2439 lacere
382 2383 485 2438 vellet:
520 2382 652 2438 Siciliam
681 2384 758 2440 Dion
785 2385 934 2454 obtineret,
962 2385 1075 2442 Italian.

180 2461 347 2535 Dionysius¹
364 2462 525 2535 Syracusas
540 2461 748 2535 Apollocrates
763 2463 811 2518 cui
823 2462 976 2518 maximam
989 2463 1076 2520 fidem

177 2540 228 2595 uni
241 2538 364 2596 habebat
380 2539 494 2616 [Dion].

141 2621 155 2674 l
218 2618 271 2674 VI.
293 2618 356 2674 Has
371 2630 428 2674 tam
441 2637 592 2692 prosperas
606 2628 719 2691 tamque
733 2617 893 2692 inopinatas
908 2636 956 2674 res
973 2637 1075 2676 66666·

179 2707 244 2753 6616
259 2708 303 2753 661
316 2698 409 2753 subita
424 2698 613 2765 commutatio,
628 2696 702 2770 quod
716 2697 826 2752 fortuna
841 2702 892 2751 sua
906 2697 1073 2766 mobilitate,

138 2779 157 2832 2
178 2795 263 2849 quem
276 2777 371 2850 paullo
386 2786 450 2831 ante
467 2776 614 2843 extulerat,
629 2775 795 2848 demergere
812 2784 857 2829 est
870 2774 977 2830 adorta.
1014 2775 1074 2832 Pri·

178 2873 255 2910 mum
278 2855 308 2908 in
329 2855 398 2920 filio,
421 2853 457 2908 de
481 2872 536 2924 quo
560 2852 779 2908 commemoravi
798 2871 892 2925 supra,
914 2871 996 2908 suam
1017 2853 1075 2909 vim

179 2931 316 2986 exercuit.
348 2931 423 2985 Nam
435 2948 519 3002 quum
533 2948 650 2992 61161661
661 2929 832 2997 reduxisset,
843 2948 904 3002 quae
919 2930 969 2984 alii
983 2930 1075 2987 suerat

177 3008 288 3075 tradita,
302 3007 446 3078 filiumque
468 3008 555 3062 vellet
575 3025 711 3063 revocare
733 3007 769 3063 ad
782 3008 915 3063 virtutem
934 3008 1075 3081 aperdita

178 3084 297 3151 luxuria,
312 3085 425 3157 accepit
446 3083 645 3157 gravissimum
665 3104 768 3159 parens
784 3086 885 3140 vulnus
907 3098 996 3141 morte
1011 3087 1073 3142 filii.

139 3167 156 3220 3
179 3161 293 3217 Deinde
309 3172 369 3216 orta
383 3162 527 3216 dissensio
543 3172 586 3216 661
601 3161 751 3218 1616166111
768 3174 796 3217 et
811 3163 1006 3232 Heraclidem,
1017 3164 1074 3238 qui,

178 3238 252 3313 quod
276 3238 464 3312 principatum
487 3258 545 3295 nou
570 3241 755 3309 concedebat,
779 3240 933 3296 factionem
961 3259 1075 3316 compa·

177 3317 258 3372 ravit.
300 3316 403 3389 Neque
418 3317 443 3372 is
458 3318 552 3373 minus
568 3319 681 3373 valebat
695 3319 768 3391 apud
783 3318 942 3392 optimates,
954 3337 1072 3391 quorum

178 3404 323 3450 consensu
341 3405 460 3467 praerat
481 3395 577 3462 classi,
593 3415 678 3468 quum
699 3397 776 3452 Dion
798 3395 956 3451 exercitum
970 3397 1074 3470 pedes·

138 3475 156 3529 1
177 3482 250 3528 trem
263 3483 382 3527 teneret.
424 3473 491 3528 Non
505 3473 569 3528 tulit
588 3473 644 3529 hoc
665 3474 759 3529 animo
774 3492 852 3546 aquo
869 3475 955 3542 Dion,
970 3485 999 3530 et
1011 3492 1075 3530 ver·

178 3568 241 3606 sum
256 3549 336 3606 illum
351 3549 471 3607 Homeri
486 3551 581 3606 retulit
595 3569 632 3607 ex
653 3552 781 3608 secunda
796 3552 959 3626 rhapsodia,
974 3552 1074 3626 inquo
