2474 4080
179 277 222 337 74
390 265 513 332 XVIII.
556 274 585 342 3,
600 275 631 331 4.
678 263 872 349 (Eumenes.)

179 421 352 499 persuadere
367 419 493 477 Eumeni
509 418 626 489 studuit,
642 428 674 475 ut
694 417 864 475 Perdiccam
878 418 1036 491 desereret,
1050 440 1087 482 ιο

139 503 158 556 5
179 519 278 556 secum
295 498 403 555 faceret
423 501 597 555 societatem.
640 497 740 562 Quum
764 497 925 572 perducere
940 519 1010 557 enm
1030 518 1087 559 non

179 589 280 653 posset,
295 577 458 639 interficere
473 588 593 633 conatus
606 586 667 646 est3
690 585 718 632 et
733 574 857 645 lecisset,
872 577 929 633 nisi
943 579 995 635 ille
1010 579 1087 637 clam

178 668 264 713 noctu
280 675 316 712 ex
330 655 470 730 praesidiis
484 655 547 729 ejus
561 654 717 730 effugisset.

141 738 156 792 1
219 734 270 792 lll.
293 735 411 792 Interim
427 735 550 789 conflata
565 736 631 789 sunt
653 734 703 790 illa
724 732 808 799 bella,
823 750 889 807 quoe
904 733 940 791 ad
962 735 1086 793 interne-

179 814 290 870 cionem
315 823 376 888 post
401 812 559 868 Alexandri
583 824 703 868 mortem
724 823 805 886 gesta
829 822 906 879 sunt,
927 831 1086 889 omnesque

179 903 388 949 concurrerunt
409 890 444 946 ad
469 889 637 946 Perdiccam
652 888 879 965 opprimendum.
920 890 1020 955 Quem
1034 893 1085 949 etsi

179 971 326 1026 infirmum
342 969 464 1036 videbat,
480 968 555 1043 quod
571 987 646 1024 unus
660 969 792 1024 omnibus
815 968 948 1025 resistere
964 970 1084 1046 cogeba-

179 1060 235 1117 tur,
258 1060 353 1105 tamen
376 1048 502 1104 amicum
524 1065 579 1103 non
601 1046 736 1114 deseruit,
751 1064 845 1120 neque
869 1045 982 1115 salutis,
997 1066 1085 1122 quam

140 1131 158 1183 Ζ
179 1127 255 1194 fidei,
272 1125 326 1182 fuit
340 1125 480 1201 cupidior.
523 1124 699 1181 Proefecerat
713 1143 780 1181 eum
796 1122 950 1181 Perdiccas
964 1126 992 1182 ei
1004 1124 1085 1202 ,parti

180 1205 269 1272 Asiae,
285 1223 350 1279 quae
375 1205 450 1259 intcr
475 1203 607 1259 Taurum
624 1214 750 1259 montem
769 1202 849 1276 jacet
870 1213 957 1278 atque
972 1203 1084 1261 Helles-

181 1292 308 1357 pontum,
322 1291 350 1339 et
373 1282 456 1338 illum
478 1300 569 1337 unum
583 1291 754 1356 opposuerat
778 1281 930 1356 Europaeis
951 1282 1084 1339 adversa·

180 1361 248 1431 riis;
272 1361 332 1435 ipse
348 1360 509 1435 AEgyptum
523 1371 719 1436 oppugnatum
735 1359 875 1417 adversus
899 1358 1084 1417 Ptolemaeum

141 1441 159 1494 3
180 1448 243 1495 erat
264 1436 418 1513 profectus
463 1437 611 1495 Eumenes
625 1457 716 1514 quum
731 1456 826 1513 neque
842 1456 965 1514 magnas
979 1440 1083 1515 copias,

179 1535 274 1591 neque
288 1518 386 1574 firmas
401 1517 528 1585 haberet,
540 1518 615 1592 quod
627 1527 655 1573 et
666 1517 871 1585 inexercitatae,
885 1510 914 1572 et
925 1534 982 1573 non
997 1516 1085 1574 multo

180 1607 246 1652 ante
261 1607 342 1652 erant
356 1606 525 1666 contractae3
548 1594 704 1652 adventare
719 1605 815 1652 autem
829 1594 996 1651 dicerentur
1016 1595 1083 1653 Hel-

180 1673 397 1749 lespontumque
423 1675 559 1731 transisse
586 1675 740 1750 Antipater
762 1683 791 1730 et
814 1672 954 1730 Craterus
982 1692 1085 1751 magno

180 1771 248 1808 cum
263 1754 393 1809 exercitu
409 1753 609 1822 Macedonum,
625 1755 680 1810 viri
694 1771 786 1828 quum
800 1752 941 1821 claritate,
956 1758 1020 1809 tum
1032 1770 1084 1809 usu

141 1836 159 1888 4
182 1831 249 1887 belli
264 1841 447 1907 praestantes:
470 1830 658 1909 (Macedones
672 1850 741 1888 vero
756 1830 860 1886 milites
874 1849 909 1886 ea
923 1840 994 1887 tunc
1005 1843 1085 1903 erant

181 1909 267 1979 fama,
283 1930 341 1984 qua
356 1929 433 1967 nunc
446 1909 569 1967 Romani
585 1909 732 1967 feruntur:
755 1910 861 1965 etenim
871 1927 985 1984 semper
999 1909 1085 1966 habiti

180 2000 247 2045 sunt
269 1988 424 2057 fortissimi,
442 1990 492 2062 qui
517 2008 659 2045 summam
680 1988 793 2064 imperii
814 1987 1005 2065 potirenturz)
1026 1987 1085 2045 Eu-

181 2086 280 2123 menes
304 2064 490 2142 intelligebat,
506 2069 530 2124 si
550 2069 640 2142 copiae
662 2086 723 2123 suae
745 2076 924 2140 cognossent,
947 2066 1086 2123 adversus

180 2163 252 2219 quos
267 2144 451 2213 ducerentur,
467 2163 523 2200 non
538 2146 620 2202 modo
641 2164 697 2202 non
722 2147 821 2212 ituras,
838 2143 887 2200 sed
911 2144 999 2201 sitnul
1019 2163 1085 2201 curn

141 2226 160 2278 5
181 2223 281 2277 nuntio
292 2221 464 2296 dilapsuras.
508 2222 608 2299 ltaque
623 2224 677 2281 hoc
689 2224 753 2299 ejus
765 2221 818 2280 fuit
832 2222 1085 2298 prudentissimum

181 2299 342 2367 consilium,
359 2310 390 2356 ut
404 2300 495 2356 deviis
510 2303 660 2359 itineribus
675 2302 780 2358 milites
794 2300 922 2370 duceret,
938 2302 968 2356 iu
982 2302 1086 2376 quibus

182 2395 251 2432 vera
266 2377 366 2433 audire
382 2397 437 2434 non
462 2391 583 2454 possent,
599 2391 627 2438 et
652 2381 696 2437 his
714 2379 919 2455 persuaderet,
935 2399 966 2436 se
988 2392 1086 2436 contra

141 2460 159 2513 6
181 2455 317 2529 quosdam
333 2456 471 2514 barbaros
493 2459 645 2534 proficisci.
689 2459 789 2532 ltaque
804 2459 895 2514 tenuit
916 2459 969 2533 hoc
990 2476 1084 2533 propo

181 2535 277 2603 sitnm,
293 2545 321 2592 et
343 2537 422 2611 prius
444 2537 473 2592 in
490 2539 582 2594 aciem
597 2541 756 2594 exercitum
773 2537 871 2592 eduxit
893 2536 1085 2612 proeliumque

181 2615 331 2684 commisit,
347 2635 434 2691 quam
457 2617 563 2686 milites
587 2619 632 2673 sui
658 2618 773 2683 scirent,
789 2633 857 2671 cum
878 2616 984 2689 quibus
1008 2633 1085 2671 arma

182 2691 354 2751 conferrent.
376 2694 482 2752 Effecit
497 2697 583 2751 etiam
598 2695 671 2751 illud
686 2695 813 2751 locorum
829 2695 1084 2768 praeoccupatione,

182 2783 212 2827 ut
234 2775 363 2846 equitatu
386 2775 479 2848 potius
503 2774 662 2843 dimicaret,
688 2792 744 2849 quo
768 2772 833 2847 plus
854 2771 978 2841 valebat,
1000 2790 1085 2848 quam

181 2850 318 2924 peditatu,
334 2869 390 2923 quo
403 2862 466 2908 erat
479 2852 611 2908 deterior.

143 2933 158 2984 l
221 2926 274 2982 lv.
297 2926 430 2990 Quorum
445 2931 585 2986 acerrimo
604 2934 747 2988 concu'rsu
762 2946 852 3005 quum
867 2946 1004 3004 magnam
1024 2946 1085 3003 par-

181 3013 237 3059 tem
253 3003 309 3059 diei
324 3011 398 3073 esset
412 3016 580 3077 pugnaturn,
596 3010 672 3065 cadit
686 3009 823 3067 Craterus
838 3007 906 3075 dux,
917 3006 1085 3081 'et'Neopto-

181 3079 283 3148 lemus,
299 3080 349 3155 qui
364 3080 523 3136 secundum
538 3085 633 3142 locum
648 3088 761 3162 imperii
776 3086 901 3144 tenebat.
943 3084 1020 3154 Cum
1035 3086 1087 3141 hoc

141 3164 160 3216 2
182 3159 328 3215 concurrit
342 3159 403 3233 ipse
418 3157 575 3217 Eumenes
617 3166 678 3231 Qui
699 3185 789 3240 quum
811 3166 885 3220 inter
898 3168 930 3219 'se
945 3161 1086 3238 complexi

181 3238 333 3293 interram
349 3255 385 3292 ex
399 3237 482 3311 equis
497 3237 678 3311 decidissent,
695 3256 726 3301 ut
741 3241 827 3300 facile
847 3240 970 3317 intelligi
986 3252 1085 3316 posset,

181 3314 299 3371 inimica
314 3325 408 3371 mente
430 3318 618 3397 contendisse,
634 3323 786 3396 animoque
801 3321 895 3395 magis
909 3316 995 3375 etiam
1018 3338 1086 3394 pug-

181 3413 276 3462 nasse,
292 3412 379 3467 quam
394 3412 522 3468 corpore,
538 3401 689 3473 nonprius
704 3399 831 3456 distracti
846 3408 922 3466 sunt,
938 3416 1027 3472 quam
1048 3397 1086 3453 al-

88 3512 93 3520 .
179 3481 275 3528 terum
291 3472 387 3527 anima
402 3471 562 3546 reliquerit.
605 3476 725 3537 Ab,hoc
741 3478 850 3552 aliquot
871 3476 964 3551 plagis
980 3475 1086 3532 Eume-

180 3568 233 3606 nes
254 3549 433 3618 vulneratur,
448 3568 543 3623 neque
558 3572 591 3609 eo
607 3556 700 3629 magis
714 3574 750 3611 ex
765 3554 868 3631 proelio
882 3554 1016 3623 excessit,
1039 3551 1087 3611 sed

141 3628 281 3687 sacrius
302 3626 395 3687 hostes
416 3628 527 3686 institit.
570 3630 628 3689 Hic
643 3633 788 3707 equitibus
813 3631 981 3709 profligatis,
1003 3632 1087 3690 inter-
