2474 4080
179 324 222 382 aa
368 315 444 380 xv.
487 321 516 390 a,
532 322 561 378 a.
612 290 893 396 (Epaminondas.)

178 469 283 527 delere
297 469 524 545 pretermittere,
539 465 616 542 quod
636 465 779 543 pertineat
792 462 829 520 ad
850 482 917 521 eam
936 461 1088 520 declaran-

138 551 159 606 4
178 546 254 605 dnm.
297 548 397 612 Quare
411 546 542 603 dicemus
557 546 682 620 primum
696 543 731 600 de
745 560 853 619 genere
867 541 932 616 ejus
940 561 951 614 ;
973 540 1087 611 deiude,

177 627 283 701 quibus
297 626 456 700 disciplinis
470 634 498 680 et
519 644 537 680 a
551 624 657 698 quibus
670 623 707 678 sit
723 620 874 690 eruditus;
896 629 959 676 tum
979 619 1015 676 de
1028 636 1088 676 mo·

137 706 141 711 '
178 703 258 759 ribus
277 704 443 780 ingeniique
465 701 660 763 facultatibus,
675 711 703 756 et
723 700 748 756 si
769 717 827 774 qua
841 698 899 755 alia
920 696 1009 775 digua
1028 715 1088 754 me-

178 783 270 838 moria
284 792 387 853 erunt3
412 792 552 857 postremo
567 780 601 836 de
617 780 704 834 rebus
723 779 821 854 gestis,
836 795 902 852 quar
916 795 935 833 a
954 776 1089 853 plurimis

179 861 308 917 omnium
323 869 535 936 anteponuntur
549 858 713 914 virtutihus·

142 941 158 995 1
221 938 257 995 ll.
281 938 377 995 Natus
397 940 487 1014 igitur
501 947 589 1012 patre,
606 955 663 1010 quo
678 935 812 1002 diximus,
834 933 952 990 honesto
970 936 1088 1010 genera,

180 1035 289 1093 pauper
307 1017 368 1091 jam
389 1036 406 1071 a
427 1015 583 1090 majoribus
605 1014 742 1083 relictus3
766 1013 896 1069 eruditus
917 1023 1015 1068 autem
1034 1012 1088 1080 sic,

180 1104 212 1150 ut
226 1113 310 1149 nemo
325 1093 483 1150 Thebanus
498 1094 600 1169 magis.
643 1091 721 1148 Nam
737 1100 765 1147 et
780 1091 964 1160 citharizare,
979 1099 1007 1147 et
1020 1107 1088 1146 can-

181 1182 242 1227 tare
264 1172 300 1227 ad
325 1171 498 1227 chordarum
522 1190 623 1227 sonum
646 1170 747 1227 doctus
767 1179 811 1226 est
831 1188 849 1225 a
873 1167 1024 1243 Dionysio,
1038 1167 1089 1243 qui

180 1267 237 1304 non
262 1251 380 1305 minore.
397 1247 451 1306 fuit
476 1251 505 1304 iu
525 1250 644 1305 musicis
668 1249 770 1324 gloria,
794 1266 882 1321 quam
904 1245 1018 1303 Damon
1039 1256 1090 1303 aut

182 1325 336 1400 Lamprus,
359 1346 481 1401 quorum
504 1328 674 1403 pervulgata
689 1337 756 1383 suut
771 1326 905 1396 nomiua;
929 1323 1090 1400 [carmina]

182 1416 300 1461 cantare
325 1407 401 1461 tibiis
422 1407 457 1460 ab
486 1405 699 1480 Olympiodoro,
722 1405 828 1461 saltare
853 1424 870 1460 a
892 1403 1088 1479 Calliphrone.

143 1485 162 1537 2
183 1483 223 1538 At
238 1483 421 1557 philosophiae
433 1495 636 1558 praeceptorem
652 1485 751 1539 hahuit
761 1482 874 1556 Lysim,
886 1482 1089 1550 Tarentinum,

183 1560 412 1635 Pythagoreum:
434 1564 482 1617 cui
505 1562 620 1636 quidem
643 1563 686 1618 sic
711 1560 765 1617 fuit
789 1561 910 1629 deditus,
934 1571 964 1617 ut
982 1559 1090 1617 adolea-

183 1657 252 1694 cens
267 1640 374 1694 tristem
390 1650 417 1696 et
439 1660 572 1696 severum
592 1659 690 1696 senem
706 1641 838 1696 omuibus
854 1639 1017 1714 aequalibus
1030 1639 1092 1695 suis

183 1716 212 1772 in
235 1716 428 1774 familiaritate
450 1719 650 1792 anteposuerit,
671 1737 764 1793 neque
780 1719 860 1792 prius
876 1736 944 1774 eum
965 1736 982 1773 a
1004 1717 1090 1774 se'di-

184 1796 395 1870 miserit,quam
406 1798 434 1851 in
444 1798 580 1853 doctrinis
589 1808 666 1853 tauto
675 1797 860 1852 antecesserit
869 1796 1091 1871 condiscipulos,

186 1885 215 1930 ut
232 1874 315 1930 facile
331 1875 454 1950 intelligi
469 1887 570 1950 posset,
593 1875 656 1950 pari
677 1874 759 1930 modo
773 1885 977 1948 superaturum
992 1892 1093 1943 omnes

146 1957 164 2009 3
185 1953 213 2007 iu
230 1954 334 2008 ceteris
354 1955 471 2009 artibus
515 1954 612 2027 Atque
634 1953 696 2008 haec
712 1953 745 2008 ad
768 1962 894 2008 nostram
909 1952 1091 2008 consuetudi-

185 2049 250 2085 nem
266 2045 331 2087 sunt
354 2032 439 2100 levia,
461 2042 489 2087 et
513 2034 605 2106 potius
623 2031 850 2101 contemnenda;
874 2041 902 2086 at
923 2031 953 2085 in
976 2029 1093 2086 Graecia

146 2113 165 2165 4
186 2110 285 2181 utique
308 2109 376 2164 olim
402 2128 515 2184 magnae
540 2110 620 2165 laudi
643 2118 734 2165 eraut.
785 2108 939 2182 Postquam
962 2108 1093 2183 ephebus

186 2183 280 2240 sactus
303 2197 353 2253 est,
377 2197 404 2242 et
429 2188 569 2260 palaestrae
592 2187 660 2242 dare
685 2206 802 2262 operam
827 2188 923 2262 coepit,
947 2205 1004 2242 non
1033 2197 1093 2243 tam

186 2263 375 2336 magnitudini
402 2265 506 2318 virium
530 2266 656 2333 servivit,
686 2285 773 2340 quam
801 2266 956 2322 velocitati.
1008 2264 1092 2321 Illam

187 2341 263 2394 enim
287 2340 320 2394 ad
345 2341 517 2396 athletarum
540 2361 638 2410 usum,
663 2344 737 2400 hanc
765 2343 800 2400 ad
821 2344 888 2399 belli
910 2343 1093 2399 existimabat

147 2416 338 2472 hutilitatem
366 2420 517 2492 pertinere.
582 2420 682 2495 ltaque
711 2423 900 2478 exercebatur
930 2423 1089 2497 plurimum

187 2496 329 2550 currendo
349 2508 376 2552 et
401 2498 537 2554 luctando
552 2499 586 2554 ad
609 2519 675 2555 eum
691 2500 786 2567 finem,
804 2500 897 2575 quoad
919 2512 999 2556 stans
1016 2519 1091 2556 com·

187 2573 272 2646 plecti
296 2586 389 2648 posset
414 2588 498 2650 atque
520 2578 701 2634 contendere.
759 2578 791 2634 ln
815 2579 903 2635 armis
931 2579 1090 2654 plurimum

186 2652 271 2707 studii
287 2657 481 2711 consumebat.

148 2733 163 2786 1
226 2730 277 2786 lll.
302 2732 346 2787 Ad
361 2734 434 2790 hanc
446 2736 572 2808 corporis
587 2735 750 2791 firmitatem
767 2735 890 2811 plurima
902 2736 988 2790 etiam
1004 2736 1090 2792 animi

186 2809 259 2864 bona
274 2823 464 2866 accesserant.
499 2813 569 2868 Erat
581 2815 657 2867 euim
671 2814 821 2879 modestus,
833 2813 967 2886 prudens,
983 2815 1090 2889 gravis,

186 2888 360 2957 temporibus
381 2890 525 2960 sapienter
547 2903 637 2958 utens,
663 2893 770 2964 peritus
793 2891 867 2959 belli,
892 2890 971 2947 fortis
993 2910 1090 2958 manu,

186 2964 281 3015 auimo
297 2965 440 3033 maximo,
465 2966 535 3021 adeo
550 2969 677 3025 veritatis
698 2970 829 3045 diligens,
843 2980 873 3025 ut
889 2988 924 3025 ue
942 2970 1009 3044 joco
1029 2971 1090 3043 qui·

146 3041 164 3092 2
186 3038 249 3092 dem
266 3040 443 3094 mentiretur.
487 3041 566 3098 Idem
588 3048 744 3114 continens,
761 3049 897 3114 clemens,
920 3049 1090 3122 patiensque
1177 3078 1183 3100 ι

186 3115 384 3203 admirandum
412 3119 439 3172 in
463 3120 586 3190 modum,
614 3142 667 3179 uon
691 3127 783 3181 solum
806 3127 910 3200 populi,
931 3126 981 3182 sed
1004 3127 1091 3181 etiam

186 3211 343 3247 amicorum
369 3194 461 3252 ferens
485 3199 626 3272 injurias;
659 3203 846 3278 inprimisque
872 3206 1025 3259 commissa
1044 3223 1090 3260 ee-

185 3270 265 3324 lans:
287 3273 359 3342 quod
383 3275 525 3330 interdum
544 3296 597 3334 non
615 3281 710 3335 miuus
733 3282 853 3354 prodest,
875 3301 963 3356 quam
986 3282 1091 3338 diserte

184 3346 299 3415 dicere;
323 3351 465 3406 studiosus
481 3355 631 3411 audiendi:
653 3377 688 3412 ex
705 3359 758 3414 hoc
773 3361 849 3414 enim
866 3359 1004 3416 facillime
1019 3360 1090 3416 disci

146 3427 163 3476 3
185 3425 387 3481 arbitrabatur.
441 3428 540 3502 ltaque
563 3453 652 3505 quum
679 3437 707 3489 in
729 3437 873 3492 circulum
901 3440 1035 3504 venisset,
1061 3439 1090 3492 in

184 3520 241 3573 quo
263 3512 311 3556 aut
333 3503 367 3559 de
392 3508 539 3579 republica
559 3510 762 3584 disputaretur,
786 3525 835 3569 aut
857 3514 891 3569 de
914 3515 1089 3588 philosophia

183 3597 277 3634 sermo
299 3580 462 3650 haberetur,
485 3603 643 3660 numquam
659 3589 724 3645 iude
744 3592 825 3662 prius
846 3592 985 3659 discessit,
1001 3609 1090 3666 quam

143 3656 163 3711 4
183 3655 325 3712 adfinem
346 3675 440 3715 sermo
459 3671 533 3718 esset
552 3663 703 3721 adductus.
746 3666 949 3742 Paupertatem
963 3669 1035 3726 adeo
1049 3668 1090 3726 sa·
