2474 4080
256 272 367 340 XXV.
411 282 440 349 8,
456 280 485 337 9.
532 272 586 358 (ΤΞ
600 272 797 356 Pomponius
811 274 959 358 Attinas.)
1000 282 1056 343 101

151 448 266 489 summa
280 448 349 486 cum
363 428 427 504 ejus
441 426 596 484 offensione
619 427 694 484 domi
718 439 929 485 remanserunt.
972 431 1062 488 Attici
1082 435 1101 490 8

151 517 247 566 autem
262 510 346 584 quies
360 517 506 582 tantopere
521 506 629 563 Caesari
645 505 698 562 suit
711 517 803 582 grata,
815 519 854 576 ut,
867 509 960 565 victor
970 527 1061 584 quum

150 588 271 663 privatis
296 586 435 662 pecunias
460 603 511 659 per
525 585 658 659 epistolas
680 586 842 660 imperaret,
859 586 927 642 huic
940 606 996 644 non
1017 608 1060 644 so·

150 665 212 722 lum
227 665 366 722 molestus
386 682 441 720 non
458 663 554 732 fuerit,
570 663 626 719 sed·
642 664 728 719 etiam
743 665 848 720 sororis
862 664 955 720 filium
969 677 997 722 et
1020 667 1059 731 Q.

149 742 322 802 Ciceronem
342 760 379 800 ex
404 741 530 817 Pompeii
554 743 656 798 castris
671 744 857 799 concesserit.
898 743 947 800 Sic
963 755 1060 801 vetere

149 822 279 879 instituto
293 822 360 878 vitae
373 820 474 896 effugit
488 838 563 876 nova
578 820 718 894 pericula.

189 899 272 957 Vlll.
311 899 449 956 Secutum
479 909 522 955 est
546 898 628 954 illud.
684 896 790 954 Occiso
816 898 942 968 Caesare,
970 905 1097 975 quuml

151 977 314 1053 respublica
322 996 411 1053 penes
422 977 527 1033 Brutos
536 977 752 1033 videreturesse
762 987 789 1033 et
803 976 946 1046 Cassium,
957 999 992 1035 ae
1001 989 1058 1035 tota

150 1057 252 1113 civitas
274 1076 305 1113 se
321 1056 356 1113 ad
370 1075 420 1113 eos
434 1057 608 1112 convertisse
631 1056 823 1132 [videretur]:
846 1058 889 1113 sic
913 1057 952 1112 M.
970 1057 1059 1113 Bruto
1080 1061 1099 1114 2

151 1152 221 1191 usus
245 1144 297 1205 est,
320 1145 352 1191 ut
376 1135 457 1190 nullo
482 1134 532 1190 ille
556 1133 723 1190 adolescens
746 1136 853 1209 aequali
877 1134 1058 1202 familiarius,

74 1204 82 1217 ’
150 1232 237 1288 quarn
259 1214 313 1271 hoc
338 1215 536 1286 sene,'neque
558 1213 651 1268 solum
677 1231 744 1268 eum
767 1214 926 1290 principem
947 1214 1059 1270 consilii

150 1292 277 1360 haberet,
301 1291 351 1349 sed
376 1292 462 1348 etiam
488 1292 518 1347 in
545 1292 691 1347 convictu.
743 1291 948 1367 Excogitatum
973 1304 1016 1350 est
1034 1295 1098 1354 ,a3

149 1371 330 1445 quibusdam,
341 1381 372 1427 ut
387 1371 531 1446 privatum
543 1371 678 1425 aerarium
688 1369 813 1426 Caesaris
828 1369 1058 1427 interlectoribus

150 1449 185 1504 ab
209 1450 356 1524 equitibus
381 1449 520 1505 Romanis
544 1449 776 1504 constitueretur.
819 1448 849 1504 ld
876 1448 961 1506 facile
981 1449 1058 1506 effici

149 1545 229 1602 posse
243 1529 372 1584 arbitrati
384 1530 460 1595 sirnt,
472 1527 495 1582 si
508 1537 536 1583 et
551 1528 695 1600 principes
706 1527 786 1582 illius
797 1527 904 1582 ordinis
918 1531 1057 1602 pecunias

149 1606 346 1663 contulissent.
389 1605 491 1681 Itaque
512 1605 673 1679 appellatus
687 1616 729 1662 est
755 1625 772 1660 a
797 1605 830 1661 Ο.
848 1605 958 1676 Flavi0,
974 1607 1057 1663 Bruti

149 1682 296 1753 familiari,
313 1685 438 1750 Atticus,
456 1694 485 1739 ut
506 1683 570 1757 ejus
586 1684 627 1739 rei
651 1685 783 1758 princeps
798 1702 859 1740 esse
876 1685 972 1740 vellet.
1016 1686 1057 1742 At
1078 1689 1097 1740 4

148 1762 206 1831 ille,
222 1764 272 1838 qui
288 1762 383 1820 officia
398 1763 500 1819 amicis
521 1762 683 1837 praestanda
697 1763 758 1817 sine
775 1761 896 1818 factione
911 1764 1056 1819 existima-

149 1852 199 1910 ret,
214 1860 385 1916 semperque
401 1860 418 1896 a
437 1841 544 1897 talibus
558 1860 589 1897 se
605 1841 731 1896 consiliis
753 1841 928 1907 removisset,
944 1859 1056 1915 respon-

148 1919 203 1976 dit}
233 1921 258 1976 si
281 1919 350 1996 quid
373 1919 482 1975 Brutus
501 1919 536 1976 de
551 1921 612 1975 suis
636 1918 823 1974 facultatibus
847 1919 887 1973 uti
911 1919 1056 1987 voluisset,

152 2016 283 2065 usurum,
298 2008 439 2073 quantum
462 1999 507 2054 hae
530 2009 714 2073 paterentur3
738 2017 768 2053 se
791 2014 884 2071 neque
900 2016 967 2053 curn
989 2017 1056 2071 quo-

148 2094 235 2151 quam
251 2077 286 2132 de
302 2096 337 2133 ea
347 2076 620 2145 're·collocuturnm,
638 2095 731 2151 neque
746 2076 900 2132 coiturum.
943 2075 993 2132 Sic
1007 2077 1057 2134 ille

149 2155 343 2233 consensionis
367 2155 470 2230 globus
492 2155 580 2230 hujus
605 2156 690 2211 unius
718 2155 892 2211 dissensione
921 2153 1057 2229 disjectus

148 2245 198 2290 est.
242 2233 349 2308 Neque
364 2234 454 2290 multo
480 2243 541 2310 post
563 2236 695 2309 superior
709 2254 771 2290 esse
794 2235 881 2309 coepit
903 2226 1055 2302 Antonius,
1077 2236 1097 2290 5

147 2313 185 2368 ita
209 2323 241 2369 ut
263 2311 372 2369 Brutus
397 2322 425 2368 et
448 2312 576 2378 Cassius,
592 2314 814 2387 provinciarum,
830 2332 895 2388 quae
917 2315 952 2369 iis
978 2315 1057 2370 neeis

147 2408 237 2448 causa
253 2390 326 2447 datae
341 2400 423 2447 erant
438 2409 455 2445 a
470 2391 647 2460 consulibus,
663 2392 820 2467 desperatis
842 2394 936 2460 rebus
960 2393 988 2447 in
1008 2411 1055 2449 ex-

147 2470 245 2526 silium
269 2469 530 2545 proficiscerentur.
574 2470 700 2536 Atticus,
722 2471 771 2543 qui
795 2472 948 2545 pecuniam
969 2470 1095 2526 simul6

148 2565 216 2604 cum
230 2549 336 2604 ceteris
351 2545 482 2605 conferre
502 2549 634 2604 noluerat
655 2549 765 2603 florenti
780 2548 823 2603 illi
846 2550 928 2622 parti,
945 2549 1056 2622 abjecto

147 2624 237 2683 Bruto
265 2624 406 2702 Italiaque
429 2625 542 2684 cedenti
572 2625 657 2682 LLS.
681 2636 797 2681 centum
826 2626 918 2682 millia
944 2626 1056 2681 muneri

147 2706 234 2761 misit.
286 2703 389 2761 Eidem
414 2706 443 2761 in
468 2704 558 2781 Epiro
582 2705 684 2761 absens
708 2713 838 2759 trecenta
862 2704 948 2777 jussit
970 2702 1053 2774 dari3

146 2800 241 2858 neque
256 2801 290 2839 eo
305 2784 397 2858 magis
411 2785 517 2859 potenti
533 2784 668 2840 adulatus
680 2792 725 2839 est
737 2783 871 2851 Antonio,
886 2799 980 2856 neque
995 2780 1055 2838 des-

147 2872 260 2937 peratos
277 2862 401 2936 reliquit.

185 2939 238 2997 IX.
262 2939 403 2996 Secutum
419 2950 463 2997 est
483 2941 592 2997 bellum
608 2951 721 3016 gestum
737 2939 812 3016 apud
829 2938 980 2998 Mutinam.
1022 2938 1055 2998 ln
1078 2944 1094 2997 1

146 3037 201 3092 quo
216 3020 241 3075 si
264 3028 375 3074 tantum
390 3038 457 3074 eum
481 3020 650 3094 prudentem
666 3020 770 3088 dicam,
786 3020 890 3086 minuS,
906 3036 993 3092 quam
1008 3020 1054 3081 de,-

146 3096 240 3165 beam,
261 3097 425 3171 praedicem,
441 3116 531 3171 quum
547 3099 596 3154 ille
612 3099 705 3173 potius
720 3098 834 3154 divinus
851 3096 953 3153 fuerit:
975 3099 1000 3154 si
1015 3098 1054 3154 di-

146 3176 254 3232 vinatio
269 3174 442 3251 appellanda
464 3187 507 3232 est
532 3187 670 3252 perpetua
691 3176 833 3232 naturalis
856 3177 974 3243 bonitas,
990 3196 1056 3250 quoe

146 3254 234 3310 nullis
257 3255 373 3310 casibus
396 3272 489 3328 neque
514 3255 618 3329 agitur,
644 3273 737 3328 neque
766 3255 916 3310 minuitur.
957 3254 1094 3312 Hostisss

149 3330 293 3388 Antdnius
317 3331 466 3406 judicatus
490 3332 578 3388 'ltalia
606 3344 753 3402 cesserat3
793 3351 858 3406 spes
887 3335 1055 3390 restituendi

147 3411 228 3466 nulla
252 3421 324 3466 erat.
368 3409 434 3466 Non
451 3411 542 3466 solum
559 3412 650 3487 [ejus]
673 3411 791 3476 inimici,
816 3411 865 3483 qui
889 3421 949 3466 tum
973 3421 1056 3468 erant

146 3490 337 3562 potennssimi
352 3499 380 3545 et
406 3488 532 3563 plurimi,
548 3491 597 3545 sed
619 3492 715 3558 etiam,
731 3490 780 3563 qui
807 3488 979 3543 adversariis
994 3489 1056 3562 ejus
1118 3497 1119 3501 ’

146 3584 176 3622 se
191 3566 308 3637 dabant,
324 3578 353 3624 et
375 3568 405 3623 in
420 3585 454 3623 eo
476 3567 604 3625 laedendo
625 3569 752 3642 aliquam
768 3575 975 3622 consecuturos
996 3566 1056 3643 [se]

146 3645 301 3720 sperabant
314 3644 600 3716 commendationem,
617 3647 736 3704 Antonii
751 3641 911 3700 familiares
924 3643 1056 3721 inseque-

602 3725 637 3782 9*
