2474 4080
355 248 449 313 VIII.
475 257 505 312 2.
548 249 805 333 (Thrasybulus.)
1010 255 1053 312 37

150 395 320 453 vindicaret,
363 395 432 464 Sed,
456 395 559 452 nescio
582 413 638 468 quo
659 394 753 463 modo,
777 413 863 467 quum
883 413 949 450 eum
967 413 1054 452 nemo
1076 399 1094 452 3

151 474 273 531 anteiret
295 473 342 528 his
355 474 514 542 virtutibus,
529 473 608 529 multi
629 473 776 528 nobilitate
801 484 1053 546 praecucurrerunt.

151 552 280 610 Primum
304 551 519 624 Peloponnesio
541 552 617 607 bello
631 550 719 606 multa
743 550 791 605 hic
816 550 879 606 sine
903 551 1054 608 Alcibiade

55 645 58 652 ’
151 630 253 705 gessit,
262 629 312 685 ille
327 630 435 685 nullam
448 628 580 684 remsine
595 628 668 684 hoc:
691 647 752 701 quae
767 628 817 683 ille
831 629 966 684 universa
974 640 1054 684 natu-

150 707 205 764 rali
229 707 352 780 quodam
375 709 449 763 bono
474 707 544 762 fecit
567 707 650 762 lucri.
693 706 753 762 Sed
776 706 827 760 illa
848 717 944 761 tamen
958 705 1054 762 omnia
1074 711 1093 763 4

150 785 314 842 communia
333 785 550 858 imperatoribus
566 803 630 840 cum
644 784 780 839 militibus
796 793 825 839 et
845 783 965 852 fortuna,
979 784 1054 856 quod

149 863 182 919 iu
204 863 298 936 proelii
322 880 463 918 concursu
478 863 536 918 abit
557 881 605 918 res
621 881 638 917 a
653 862 775 917 consilio
798 861 834 916 ad
848 862 926 916 vires
940 861 1052 934 vimque

149 941 346 1015 pugnantium.
387 940 486 1012 Itaque
506 941 570 1014 jure
585 958 638 996 suo
661 939 798 996 nonnulla
822 941 856 994 ab
880 939 1053 1012 imperatore

149 1018 244 1086 miles,
269 1017 391 1091 plurima
417 1036 487 1073 vero
511 1017 622 1073 fortuna
643 1017 778 1085 vindicat,
803 1035 892 1089 seque
915 1017 962 1072 hic
986 1017 1053 1090 plus

149 1096 286 1164 valuisse,
300 1114 384 1168 quam
398 1095 480 1151 ducis
492 1095 679 1169 prudentiam,
694 1113 762 1150 rere
777 1105 872 1168 potest
885 1095 1051 1168 praedicare.

150 1174 248 1238 Quare
273 1174 344 1230 illud
369 1173 684 1248 magnificentissimum
708 1173 814 1228 factum
837 1172 982 1246 proprium
1006 1183 1051 1229 est
1072 1177 1089 1229 5

149 1251 335 1325 Thrasybuli.
377 1252 454 1307 Nam
467 1269 552 1324 quum
562 1252 677 1325 triginta
690 1251 812 1324 tyranni,
827 1269 934 1324 praepo-
991 1289 1027 1327 rot

148 1329 198 1384 siti
213 1348 230 1384 a
244 1329 482 1397 Lacedaemoniis,
492 1330 627 1385 servitute
637 1347 791 1402 oppressas
803 1339 934 1384 tenerent
959 1347 980 1375 a.
994 1338 1018 1376 C·
1030 1348 1053 1377 n.

149 1406 289 1475 AthenaS,
298 1408 435 1481 plurimos
448 1408 537 1476 cives,
547 1407 647 1480 quibus
662 1407 692 1462 in
706 1407 782 1483 bello
793 1417 922 1480 parserat
932 1405 1051 1475 fortuna,

89 1513 99 1529 ·
150 1484 254 1559 partim
267 1486 358 1559 patria
373 1486 561 1559 expulissent,
570 1485 672 1558 partim
685 1484 907 1552 interfecissent,
918 1485 1052 1557 plurimo·

148 1580 212 1618 rum
235 1564 309 1618 bona
333 1563 478 1638 publicata
504 1563 578 1620 inter
602 1582 635 1618 se
661 1562 844 1617 divisissent:
877 1580 935 1617 non
959 1563 1052 1618 solum

148 1640 295 1718 princeps,
309 1643 363 1698 sed
378 1653 407 1698 et
423 1643 509 1718 [jam]
526 1643 604 1698 solus
618 1640 700 1698 initio
714 1640 821 1697 bellum
834 1639 880 1696 his
895 1639 1006 1696 indixit

189 1721 229 1776 11.
271 1721 330 1777 Η16
341 1720 418 1776 enim
429 1740 514 1793 quum
524 1721 638 1794 Phylen
648 1720 834 1794 confugisset,
844 1719 919 1792 quod
928 1731 973 1774 est
987 1739 1050 1775 cas·
1073 1723 1086 1775 1

147 1798 248 1854 tellum
261 1798 292 1854 in
307 1799 403 1854 Attica
422 1799 651 1866 munitissimum,
665 1816 723 1853 non
745 1798 808 1870 plus
830 1797 928 1852 habuit
942 1816 1050 1866 secum,

148 1894 233 1949 quam
252 1876 369 1950 triginta
383 1876 418 1932 de
433 1877 504 1932 suis.
546 1876 612 1932 Hoc
627 1867 738 1931 initiu'm
751 1874 804 1930 fuit
824 1875 924 1930 salutis
940 1876 1050 1929 Actaeo·

147 1972 218 2022 rum,
232 1953 288 2009 hoc
309 1956 393 2010 robur
416 1954 555 2010 libertatis
579 1953 745 2009 clarissima
771 1953 904 2008 civitatis.
946 1952 1049 2024 Neque
1070 1955 1088 2007 2

147 2049 218 2087 vero
232 2031 281 2087 hic
295 2050 353 2088 non
368 2043 525 2088 contemtus
541 2043 586 2088 est
599 2032 689 2106 primo
705 2050 721 2086 a
735 2029 873 2104 tyrannis,
889 2040 971 2102 atque
987 2032 1049 2105 ejus

148 2109 282 2165 solitudo.
325 2109 397 2174 Quae
411 2110 526 2183 quidem
539 2129 586 2165 res
602 2121 630 2165 et
645 2109 704 2165 illis
717 2108 962 2164 contemnentibus
985 2127 1050 2181 per·

148 2188 247 2255 nicici,
263 2197 292 2243 et
305 2187 372 2242 huic
387 2188 526 2261 despecto
547 2189 632 2243 saluti
646 2187 706 2243 fuit.
749 2187 821 2243 Haec
837 2186 914 2242 enim
932 2187 998 2242 illos
1014 2186 1051 2241 ad

148 2265 378 2339 persequendum
393 2281 517 2340 'segnes
531 2265 584 2322 hos
606 2276 709 2333 autem,
733 2275 860 2339 tempore
876 2265 910 2321 ad
936 2283 1050 2338 eompa-

148 2342 267 2398 randum
280 2343 354 2410 dato,
375 2342 445 2398 fecit
459 2343 643 2399 robustiores.
686 2345 750 2408 Quo
765 2344 856 2417 magis
877 2354 1050 2416 praeceptum
1070 2344 1088 2396 3

148 2420 219 2475 illud
232 2421 357 2477 omnium
371 2420 513 2476 inanimis
529 2441 595 2478 esse
611 2421 709 2477 debet:
733 2421 829 2476 ‘Nihil
842 2421 871 2475 in
881 2421 956 2476 bello
969 2438 1049 2494 opor·

148 2508 208 2553 tere
218 2499 362 2554 contemni
370 2501 386 2567 ;’
400 2518 455 2554 nec
465 2500 528 2554 sine
539 2518 627 2554 causa
636 2499 708 2555 dici:
732 2499 870 2553 ‘Matrem
878 2498 969 2552 timidi
979 2499 1048 2552 flere

148 2593 206 2632 nou
230 2578 344 2632 solere!
393 2577 495 2648 Neque
518 2589 613 2632 tamen
638 2595 688 2650 pro
713 2575 847 2648 opinione
873 2575 1049 2647 Thrasybuli
1069 2577 1088 2629 4

149 2665 237 2709 auctae
252 2665 318 2710 sunt
331 2673 413 2729 opes.
455 2655 530 2710 Nam
541 2656 673 2729 jamtum
688 2654 746 2708 illis
761 2652 934 2725 temporibus
949 2651 1048 2706 fortius

148 2732 215 2787 boui
228 2750 280 2806 pro
294 2733 426 2788 libertate
444 2732 638 2805 loquebantur,
652 2750 736 2803 quam
755 2731 927 2805 pugnabant.
970 2728 1048 2784 Hinc
1069 2733 1088 2784 5

148 2808 178 2864 in
193 2805 333 2865 Piraeeum
347 2810 467 2877 transiit,
483 2810 725 2882 Munychiamque
740 2807 868 2863 munivit.
904 2806 989 2862 Hanc
1003 2807 1048 2862 bis

147 2888 259 2959 tyranni
273 2906 437 2962 oppugnare
453 2898 519 2942 sunt
533 2888 631 2954 adorti,
647 2888 681 2942 ab
697 2905 787 2959 eaque
809 2885 926 2959 turpiter
940 2883 1049 2958 repulsi

147 2965 275 3037 protinus
289 2967 319 3021 in
335 2967 441 3031 urbem,
457 2965 542 3020 armis
557 2964 824 3038 impedimentisque
840 2962 1049 3031 amissisrefu·

149 3054 258 3114 gerunt.
299 3043 378 3099 Usus
403 3054 447 3098 est
472 3043 671 3120 Thrasybulus
694 3061 751 3097 non
772 3042 866 3097 minus
889 3042 1048 3115 prudentia,
1069 3043 1087 3098 6

147 3137 231 3191 quam
255 3119 428 3176 fortitudine.
471 3121 547 3175 Nam
562 3120 699 3175 cedentes
714 3121 814 3175 violari
829 3120 935 3186 vetuit;
968 3120 1048 3175 cives

147 3198 224 3253 enim
234 3198 344 3253 civibus
358 3216 478 3271 parcere
489 3217 597 3269 aequum
612 3200 758 3252 censebat.
781 3198 884 3269 Neque
899 3198 1049 3270 quisquam

147 3286 192 3330 est
205 3276 378 3342 vulneratus
393 3275 450 3330 nisi
464 3276 512 3347 qui
526 3275 603 3349 prior
623 3275 789 3348 impugnare
805 3275 902 3330 voluit.
947 3274 1048 3330 Nemi-

145 3370 213 3408 nem
233 3354 379 3427 jacentem
399 3364 481 3407 veste
505 3352 656 3426 spoliavit3
688 3353 728 3406 nil
751 3352 851 3424 attigit,
876 3353 933 3406 nisi
961 3369 1047 3418 arma,

146 3447 263 3501 quorum
288 3430 442 3502 indigebat,
468 3441 496 3484 et
519 3448 580 3502 quae
605 3430 640 3484 ad
653 3430 759 3483 victum
783 3429 971 3502 pertinebant.
1012 3429 1087 3488 1117

146 3506 274 3564 secundo
288 3508 389 3581 proelio
412 3507 518 3561 cecidit
541 3507 657 3572 CritiaS,
672 3507 730 3561 dux
750 3517 941 3579 tyrannorum,
962 3523 1048 3578 quum

146 3584 262 3657 quidem
276 3584 454 3640 exadversus
469 3584 682 3716 Thrasybupum
696 3583 850 3638 fortissime
865 3591 1013 3656 pugnaret.
