2474 4080
187 289 229 348 aa
376 283 451 349 xu
495 289 524 359 a,
540 278 581 349 a‘
616 283 896 368 (spamam.)

185 454 259 505 mus,
277 454 399 511 quorum
420 438 574 512 separatim
593 437 691 495 multis
711 437 840 494 millibus
853 455 993 497 versuum
1012 457 1089 499 com·

185 513 283 589 plures
297 515 449 589 scriptores
464 526 530 572 ante
544 533 596 572 nos
609 516 801 591 explicarunt.

147 596 163 650 1
225 592 264 648 V.
287 592 356 650 Fuit
369 594 456 650 etlam
470 591 601 662 disertus,
617 604 648 650 ut
663 612 746 663 nemo
759 593 787 650 ei
801 591 960 651 Thebanus
978 613 1033 671 par
1045 616 1088 655 es·

185 679 228 726 set
242 671 421 746 eloquentia:
443 690 537 746 neque
558 673 654 729 minus
667 672 827 729 concinnus
844 672 875 727 in
890 671 1031 732 brevitate
1045 694 1089 733 re-

145 749 348 822 2spondendi‚
363 769 451 825 quam
472 751 502 805 in
516 760 654 824 perpetua
667 750 793 807 oratione
807 759 936 807 ornatus.
978 750 1090 811 Habuit

185 827 402 885 obtrectatorem
424 827 615 884 Meneclidam
636 828 799 901 quemdam,
820 826 946 885 indidem
967 828 1087 900 Thebis,

185 914 217 961 et
228 905 423 962 adversarium
438 908 466 962 in
482 905 705 962 administranda
719 906 876 980 republica,
895 908 965 964 satis
978 910 1088 965 exerci-

185 994 276 1040 tatum
295 986 324 1040 in
338 984 466 1051 dicendo,
483 993 514 1039 ut
534 984 706 1040 Thebanum
721 984 842 1041 scilieet.
885 983 964 1041 Nam
985 1005 1023 1042 ue
1043 987 1088 1044 illi

147 1062 264 1136 hgenti
285 1063 350 1137 plus
366 1063 439 1118 inest
454 1061 569 1130 virium,
590 1080 677 1135 quam
692 1062 811 1137 ingenii.
853 1061 891 1130 Is,
906 1082 945 1138 qu
982 1065 1033 1120 'in
1056 1083 1087 1122 re

185 1140 302 1195 militari
328 1141 429 1196 florere
449 1138 679 1213 Epaminondam
698 1140 821 1209 videbat,
846 1140 954 1197 hortari
977 1142 1088 1200 solebat

185 1216 346 1284 Thebanos,
364 1228 394 1273 ut
415 1234 516 1292 pacem
531 1218 606 1273 bello
622 1216 805 1286 anteferrent,
820 1236 856 1275 ne
871 1217 951 1275 illius
964 1218 1086 1295 impera-

184 1295 253 1350 toris
263 1314 350 1370 opera
364 1295 585 1352 desideraretur.
628 1294 707 1352 Huic
719 1296 777 1365 ille,
793 1294 894 1364 Follis,
909 1297 1011 1371 inquit,
1025 1318 1086 1357 ver·

185 1373 217 1428 be
238 1375 312 1430 cives
327 1385 396 1442 tuoe,
416 1375 488 1447 qaod
502 1375 550 1430 bos
569 1393 587 1430 a
602 1373 671 1431 bello
684 1393 806 1430 avocas:
827 1377 876 1431 otii
896 1377 967 1432 enim
980 1380 1087 1436 aomina

144 1453 339 1508 acervitatem
362 1454 503 1508 concilias.
552 1450 628 1508 Nam
648 1455 761 1526 paritur
779 1471 836 1525 pac
859 1454 939 1510 bello.
989 1453 1087 1530 Itaque

183 1532 231 1603 qai
253 1549 286 1586 ea
308 1531 414 1586 diutina
437 1529 617 1606 solecismi,
643 1531 711 1587 bello
733 1534 875 1588 exercitati
896 1551 956 1590 esse
978 1534 1085 1592 debeat.

187 1605 282 1679 Quare
303 1610 330 1664 εἰ
345 1611 486 1685 principes
509 1607 623 1666 Graeciae
641 1627 701 1665 ease
719 1609 928 1677 valtramum
948 1621 989 1669 est
1010 1613 1087 1669 vobis

144 1686 321 1756 bastardum,
349 1706 403 1744 aera
425 1689 568 1761 palaestra.
612 1687 691 1744 Idem
715 1687 764 1744 ille
790 1687 968 1746 Meneclides
993 1710 1104 1766 quum·

183 1765 252 1823 huic
266 1767 411 1841 objiceret,
425 1766 501 1842 quod
520 1767 623 1822 liberos
637 1783 693 1821 non
715 1766 842 1834 haberet,
857 1785 950 1841 neque
966 1786 1086 1826 uxorem

183 1843 311 1902 duxisset
322 1865 330 1916 3
355 1846 535 1919 maximeque
552 1844 740 1912 insolentiam,
763 1843 838 1918 quod
852 1845 906 1900 sibi
928 1846 1085 1922 Agamem-

183 1924 265 1980 nonis
281 1924 347 1980 belli
361 1925 482 2000 gloriam
494 1923 639 1979 videretur
653 1932 842 1978 consecutus:
863 1931 901 1991 at,
911 1923 970 1993 ille,
980 1926 1084 1994 denne,

182 1999 283 2076 inquit,
299 2001 466 2069 Mareotida,
477 2004 510 2058 de
524 2020 607 2058 acore
622 2001 689 2057 milti
698 2001 884 2074 exprobrare:
900 2021 965 2058 nam
979 2005 1086 2060 nullius

182 2080 212 2134 ia
226 2083 279 2135 iata
293 2100 323 2138 re
337 2083 428 2136 minae
443 2081 483 2135 atr'
496 2080 609 2135 coasilio
623 2080 692 2135 volo.
733 2078 881 2154 (Habebat
895 2080 971 2135 enim
987 2080 1084 2139 Mene-

143 2156 272 2212 bclidas
296 2159 487 2232 suspicionem
512 2156 670 2228 adulterii.)
733 2154 815 2227 Quod
838 2166 928 2213 autem
955 2177 996 2216 me
1025 2157 1083 2235 Ag.

185 2252 366 2290 amemnonem
389 2236 514 2290 emulari
534 2244 626 2305 putas,
638 2231 768 2309 falleris.
810 2233 938 2308 Namque
961 2237 1009 2294 itte
1023 2257 1085 2294 carn

182 2313 312 2366 universa
329 2309 439 2367 Gracia
452 2314 498 2366 via
512 2312 603 2368 decem
617 2315 699 2368 canis
712 2332 795 2369 arram
810 2315 879 2386 cepit
893 2314 986 2371 arbem
996 2335 1011 2384 ;
1036 2334 1084 2390 ego

182 2397 276 2444 contra
300 2407 333 2445 ea
355 2408 412 2445 aaa
433 2390 499 2446 arbe
523 2400 618 2446 nostra
639 2391 736 2465 dieque
757 2410 811 2447 aaa
833 2400 915 2446 totam
938 2390 1082 2463 Graeciam,

181 2463 523 2543 Lacedemoniarfagatis,
540 2468 663 2526 liberavi.

143 2548 157 2600 1
220 2545 273 2603 VI.
306 2545 385 2603 Idem
408 2566 498 2621 quum
524 2548 553 2604 in
578 2558 750 2604 conventum
773 2547 897 2603 venisset
921 2547 1082 2617 Arcadum,

180 2635 287 2700 patens,
304 2635 334 2682 ut
348 2627 510 2683 societatem
523 2646 592 2683 cum
607 2626 755 2683 Thebanis
764 2635 792 2681 et
806 2625 927 2700 Argiuis
937 2625 1082 2684 lacerent:

179 2715 335 2780 contraque
359 2704 549 2772 Callistratus,
575 2705 796 2761 Atheniensium
817 2703 939 2778 legatus,
953 2705 1005 2778 qui
1025 2705 1082 2762 elo-

179 2785 296 2856 quentia
309 2803 408 2840 omnes
423 2803 456 2840 eo
477 2784 629 2858 praestahat
649 2793 783 2856 tempore,
800 2782 965 2855 postularet,
981 2792 1014 2838 ut
1034 2801 1080 2857 po-

178 2861 236 2916 tius
259 2862 414 2917 amicitiam
438 2871 627 2934 sequerentur
651 2860 824 2927 Atticorum,
849 2868 877 2915 et
901 2859 931 2914 in
955 2860 1081 2918 oratione

179 2954 232 2992 sua
253 2937 344 2993 multa
368 2938 500 2994 invectus
521 2947 595 2993 esset
618 2939 648 2993 in
673 2938 826 2994 Thebanos
840 2946 869 2993 et
893 2938 1029 3012 Argivos,
1051 2939 1081 2994 in

139 3013 277 3087 2eisque
301 3013 357 3069 hoc
376 3015 532 3087 posuisset;
562 3016 789 3072 animadvertere
812 3015 915 3072 debere
937 3015 1080 3085 Arcadas,

178 3090 280 3165 quales
304 3100 425 3165 utraque
446 3092 548 3147 civitas
569 3093 647 3149 cives
668 3103 854 3168 procreasset,
869 3111 905 3149 ex
926 3093 1081 3167 quibusda

178 3169 283 3224 ceteris
297 3179 410 3243 possent
427 3168 578 3243 judicare:
602 3171 730 3248 Argivos
744 3172 819 3226 enim
843 3170 931 3228 fuisse
947 3170 1081 3228 Orestem

178 3255 207 3302 et
233 3246 437 3314 Alcmaeonem,
458 3247 641 3319 matricidas3
676 3248 785 3305 Thebis
806 3247 946 3324 OEdlpum
969 3261 1079 3317 natum,

177 3323 236 3397 qui,
258 3342 348 3398 quum
370 3334 480 3398 patrem
494 3344 579 3382 suum
601 3325 797 3394 interfecisset,
813 3345 849 3383 ex
864 3338 954 3383 matre
975 3327 1081 3384 liberos

139 3400 156 3456 Β
177 3411 370 3476 procreasset:
392 3402 439 3458 hic
450 3402 480 3457 in
495 3403 688 3477 respondendo
703 3403 926 3478 Epaminondas,
937 3422 1029 3478 quum
1044 3402 1080 3461 de

176 3479 281 3535 ceteris
301 3489 467 3554 perorasset,
484 3491 632 3555 postquam
654 3481 689 3536 ad
709 3481 761 3538 illa
782 3480 838 3538 duo
851 3483 1002 3555 opprobria
1015 3499 1079 3557 per-

176 3556 263 3623 venit,
289 3555 423 3613 admirari
448 3576 479 3613 se
503 3557 574 3614 dixit
594 3557 743 3615 stultitiam
764 3559 884 3616 rhetoris
905 3558 1006 3627 Attici,
1027 3558 1080 3633 qui

176 3649 234 3689 non
242 3633 482 3706 animadverterit,
497 3635 664 3693 innocentes
676 3635 742 3695 illos
755 3644 855 3710 natos3
876 3635 953 3693 domi
966 3635 1080 3694 scelere
