2474 4080
185 263 227 323 46
458 253 500 317 Χ.
537 260 633 332 9,10.
676 250 800 334 (Dion.)

180 402 420 460 admaturandum
429 403 587 459 concitatus
600 413 653 470 est,
661 419 766 458 verens
784 418 822 456 ne
836 400 916 474 prius
927 399 1081 459 consilium

181 482 338 556 aperiretur
351 498 442 548 suum,
457 498 540 552 quam
555 491 657 536 conata
670 478 852 552 perfecisset.

142 563 156 616 l
219 558 273 615 IX.
315 558 380 615 Hac
394 568 488 613 mente
503 558 631 631 proximo
646 556 693 613 die
707 557 790 625 sesto,
804 574 889 628 quum
907 568 1082 615 aconventu

201 661 238 701 355
299 655 332 691 se
347 646 484 691 remotum
494 636 571 692 Dion
584 635 660 691 domi
674 646 794 704 teneret,
805 646 887 707 atque
902 635 933 691 iu
947 636 1080 692 conclavi

177 711 230 750 ²⁰·
239 721 260 749 ¹¹·
298 714 374 769 edito
388 714 576 781 recubuisset,
592 713 718 769 consciis
739 713 805 768 loca
817 713 969 769 munitiora
981 714 1081 789 oppidi

179 792 264 847 tradit
276 813 283 860 ;
305 791 418 847 domum
432 792 570 847 custodiis
586 792 679 865 sepit;
701 810 718 847 a
732 791 839 847 foribus
854 792 901 864 qui
915 809 973 848 non
984 791 1080 849 disce·

140 873 159 926 2
180 870 256 938 dant,
282 881 376 926 certos
397 870 532 942 praeficit;
557 888 659 925 narem
682 868 827 925 triremem
851 871 965 926 armatis
989 880 1079 940 ornat,

181 948 418 1021 Philostrdtoque,
433 946 511 1003 lratri
525 965 587 1016 suo,
601 947 693 1016 tradit,
708 966 826 1020 eamque
841 947 871 1003 in
884 960 966 1021 portu
977 947 1078 1022 agitari

177 1027 266 1101 jubet,
280 1036 310 1080 ut
333 1027 359 1081 si
384 1044 521 1081 exercere
536 1025 661 1099 remiges
676 1026 781 1082 vellet:
805 1024 944 1099 cogitans,
959 1026 985 1082 si
1006 1027 1077 1084 sorte

181 1103 312 1159 consiliis
326 1102 485 1159 obstitisset
505 1104 624 1171 fortuna,
638 1114 668 1158 ut
687 1102 814 1172 haberet,
835 1121 890 1177 quo
910 1103 1023 1179 sugeret
1043 1105 1079 1163 ed

142 1184 160 1237 3
181 1181 310 1255 salutern.
353 1181 474 1236 Suorum
495 1193 588 1237 autem
608 1201 624 1237 e
645 1199 762 1237 numero
785 1180 961 1255 Zacynthios
983 1183 1079 1240 adole-

181 1269 297 1319 scentes
312 1259 448 1330 quosdum
464 1259 553 1333 eligit,
568 1278 653 1331 quum
667 1259 883 1328 audacissimos,
898 1271 957 1316 tum
970 1260 1078 1319 viribus

180 1335 330 1402 maximis;
360 1335 461 1408 hisque
485 1337 532 1392 dat
556 1339 709 1411 negotium,
735 1337 789 1412 [ut]
816 1337 852 1392 ad
875 1337 999 1395 Dionem
1014 1350 1080 1396 eant

181 1413 315 1478 inermes,
325 1414 367 1469 sic
377 1425 407 1469 ut
418 1416 608 1471 conveniendi
621 1417 682 1490 ejus
695 1415 785 1490 gratia
797 1416 961 1472 viderentur
968 1418 1077 1474 venire.

142 1492 160 1543 4
182 1491 222 1546 Hi
247 1503 361 1565 propter
381 1493 509 1548 notitiam
530 1504 595 1549 sunt
615 1493 780 1549 intromissi.
822 1496 860 1550 At
879 1493 932 1562 illi,
947 1504 978 1550 ut
990 1495 1079 1552 limen

181 1570 243 1644 ejus
264 1570 409 1638 intrarunt,
424 1571 530 1626 loribus
545 1573 694 1640 obseratis,
709 1572 738 1627 iu
762 1571 838 1627 lecto
863 1572 1014 1630 cubantem
1036 1574 1079 1630 iu-

180 1647 293 1716 vadunt,
309 1647 464 1721 colligant3
485 1650 516 1705 fit
538 1650 681 1724 strepitus,
693 1650 766 1705 adeo
786 1660 816 1706 ut
836 1650 965 1706 exaudiri
979 1648 1080 1725 poss'et

141 1724 259 1781 oloris.
302 1725 370 1794 Hic,
385 1726 460 1782 sicut
481 1739 546 1784 ante
573 1727 676 1803 [saepe]
700 1728 807 1782 dictum
821 1738 874 1795 est,
888 1747 972 1801 quam
985 1729 1080 1785 invisa

181 1803 219 1860 sit
232 1803 385 1878 singularis
400 1806 535 1879 potentia,
550 1816 579 1861 et
602 1805 764 1861 miseranda
778 1804 845 1873 vita,
859 1807 906 1878 qui
927 1824 960 1862 se
980 1806 1079 1866 metrii.

142 1884 159 1937 6
180 1901 262 1955 quam
284 1882 372 1938 amari
389 1885 503 1952 malunt,
518 1883 609 1939 cuivis
625 1883 711 1939 facile
726 1884 874 1938 intellectu
887 1882 964 1939 suit·
990 1883 1079 1941 Nam·

181 1979 235 2033 que
250 1961 293 2016 illi
307 1961 364 2034 ipsi
379 1962 523 2030 custodes,
538 1962 563 2017 si
572 1962 694 2035 propitia
708 1956 831 2017 fuissent
845 1961 999 2031 voluntate,
1012 1960 1079 2020 fori·

180 2040 232 2095 bus
248 2039 373 2094 effractis
388 2058 504 2096 servare
520 2059 585 2096 eum
605 2040 774 2113 potuissent,
788 2039 863 2112 quod
885 2039 927 2096 illi
943 2039 1079 2110 inermes,

180 2117 268 2172 telum
296 2116 365 2171 soris
395 2117 565 2190 flagitantes
592 2118 688 2173 vivum
715 2119 858 2173 tenebunt.
911 2118 966 2174 Cui
994 2137 1080 2192 quum

181 2205 360 2249 succurreret
373 2213 467 2262 nemo,
483 2195 564 2268 Lyco
579 2194 692 2266 quidam
708 2196 907 2269 Syracusanus
921 2214 973 2270 per
983 2196 1079 2255 senes-

58 2338 61 2343 ·
180 2282 237 2325 tras
254 2271 378 2344 gladium
392 2271 479 2341 dedit,
494 2290 549 2345 quo
564 2272 641 2327 Dion
655 2273 822 2328 interfectus
837 2285 890 2329 est.

143 2352 157 2405 l
221 2348 258 2403 X.
301 2347 441 2403 Confecta
465 2351 553 2418 crede,
579 2369 664 2422 quum
687 2351 833 2407 multitudo
853 2351 967 2407 visendi
989 2353 1080 2427 gratia

180 2425 335 2493 introisset,
360 2427 487 2482 nonnulli
513 2430 547 2484 ab
572 2428 672 2484 insciis
697 2448 747 2502 pro
768 2429 863 2485 noxiis
882 2430 1077 2487 conciduntur.

181 2504 257 2560 Nam
282 2504 371 2559 celeri
398 2523 508 2562 rumore
534 2506 630 2574 dilat0,
656 2507 743 2563 Dioni
767 2508 825 2562 vim
854 2508 977 2576 allatam,
998 2508 1079 2564 multi

181 2593 390 2651 concurrerant,
406 2584 507 2656 quibus
518 2587 575 2641 tale
591 2584 702 2641 lucinus
718 2586 897 2659 displicebat.
940 2586 991 2655 Hi,
1005 2586 1079 2643 falsa

180 2661 346 2736 suspicione
371 2662 457 2731 ducti,
485 2664 667 2720 immerentes
695 2675 725 2719 ut
748 2664 905 2719 sceleratos
933 2665 1077 2722 occidunt.

140 2745 158 2796 2
183 2741 276 2816 Hujus
292 2741 328 2796 de
342 2752 431 2796 morte
452 2753 483 2796 ut
506 2744 600 2816 palam
624 2742 796 2810 factumest,
817 2741 985 2799 mirabiliter
999 2742 1078 2817 vulgi

179 2829 285 2874 mutata
310 2829 354 2873 est
377 2819 517 2875 voluntas.
559 2821 635 2875 Nam
659 2819 706 2893 qui
720 2819 815 2874 vivum
840 2838 905 2875 eum
929 2831 1079 2893 tyrannum

179 2897 344 2967 vocitarunt,
359 2896 446 2951 iidem
470 2897 649 2953 liberatorem
671 2899 768 2972 patriae
789 2896 957 2972 tyrannique
980 2898 1079 2973 expul-

180 2991 274 3028 sorem
295 2973 495 3045 praedicabant.
536 2976 587 3029 Sic
609 2977 701 3030 subito
717 2976 914 3032 misericordia
934 2976 1000 3032 odio
1015 2995 1079 3032 suc·

181 3060 319 3116 cesserat,
333 3061 363 3104 ut
378 3069 442 3105 eum
456 3069 508 3106 suo
523 3052 671 3125 sanguine,
681 3055 706 3108 si
720 3065 848 3127 possent,
863 3056 898 3109 ab
913 3053 1078 3111 Acheronte

141 3131 159 3184 3
181 3137 319 3201 cuperent
340 3127 491 3184 redimere.
531 3129 631 3202 ltaque
656 3131 685 3186 in
707 3133 786 3201 urbe,
802 3132 989 3188 celeberrimo
1004 3133 1078 3201 loco,

180 3206 272 3261 elatus
286 3205 410 3278 publice,
426 3206 551 3280 sepulcri
566 3222 746 3265 monumento
760 3210 880 3266 donatus
896 3220 949 3266 est.
992 3210 1078 3267 Diem

180 3281 250 3338 obiit
264 3282 379 3338 circiter
393 3302 482 3340 annos
497 3286 699 3361 quinquaginta
712 3287 835 3361 quinque
846 3299 939 3354 natus,
950 3299 1080 3361 quartum

178 3371 244 3438 post
258 3378 371 3431 annum,
385 3379 468 3438 quam
483 3381 519 3420 ex
533 3364 675 3441 Peloponr
685 3384 735 3423 eso
750 3365 780 3423 in
795 3365 928 3423 Siciliam
943 3365 1078 3424 redierat.
