2474 4080
184 318 227 383 88
395 313 501 380 XXII.
545 322 574 389 8,
590 322 619 379 4.
666 312 871 396 (Hamilcar.)

181 477 248 524 aunt
261 466 344 524 Poeni
359 468 509 542 perterriti,
526 479 558 524 ut
571 468 657 524 etiam
673 467 781 523 auxilia
793 484 810 521 a
825 465 964 524 Romanis
978 465 1084 542 petire·

182 547 247 615 rint,
262 565 353 620 eaque
369 547 557 619 impetrarint.
597 545 652 601 Sed
668 555 804 611 extremo,
819 562 909 618 quum
925 563 1011 621 prope
1022 546 1084 621 jam

181 621 459 698 ad'desperationem
483 624 685 699 pervenissent,
708 623 907 678 Hamilcarem
932 625 1083 698 imperato·

141 703 160 756 4
182 720 241 759 rem
258 701 397 758 fecerunt.
434 701 462 758 ls
482 720 537 757 non
549 701 642 757 solum
658 701 750 756 hostes
765 719 782 755 a
796 702 887 756 muris
900 700 1084 777 Carthaginis

181 782 310 852 removit,
332 799 421 853 quum
443 779 566 853 amplius
587 792 702 835 centurn
717 779 809 833 millia
832 777 909 834 facta
923 789 1018 835 essent
1038 796 1082 835 ar-

180 868 340 928 matorum;
363 858 412 913 sed
434 859 520 913 etiam
534 876 568 912 eo
582 857 727 929 compulit,
745 866 783 922 ut,
799 855 928 912 locorum
944 858 1084 932 angustiis

180 937 282 1003 clausi,
304 936 400 1009 plures
417 934 500 1002 fame,
516 952 602 1008 quam
619 933 694 989 ferro
708 935 867 989 interirent.
911 933 1018 990 Omnia
1036 953 1081 1010 op-

181 1014 246 1088 pida
265 1014 437 1080 abalienata,
454 1014 482 1067 in
498 1013 541 1068 his
566 1011 677 1069 Uticam
693 1022 778 1085 atque
796 1011 969 1085 Hipponem,
985 1013 1082 1069 valen-

141 1091 159 1144 5
181 1093 289 1148 tissima
313 1091 398 1147 totius
414 1089 533 1157 Afrieae,
551 1089 672 1145 restituit
693 1089 801 1163 patriae.
843 1089 949 1163 Neque
971 1109 1005 1146 eo
1029 1088 1083 1147 fuit

180 1179 338 1236 contentus,
354 1168 403 1224 sed
425 1169 509 1223 etiam
525 1168 597 1223 fines
612 1168 725 1241 imperii
740 1169 915 1242 propagavit,
931 1177 989 1223 tota
1003 1166 1081 1223 Afri.

180 1266 216 1304 ca
230 1257 341 1302 tantum
355 1247 443 1301 otium
462 1245 590 1313 reddidit,
607 1257 638 1302 ut
659 1245 773 1302 nullum
788 1247 818 1300 in
832 1264 867 1300 ea
882 1245 991 1302 bellurn
1006 1244 1081 1302 vide-

181 1336 260 1380 retur
274 1324 371 1380 multis
386 1325 468 1379 annis
483 1321 581 1379 fuisse.
1023 1376 1028 1384 ,

142 1401 158 1455 l
220 1401 271 1458 ΙΙΙ.
294 1401 392 1457 Rebus
412 1402 455 1458 his
470 1421 505 1457 ex
517 1401 658 1457 sententia
673 1401 806 1476 peractis,
819 1399 916 1456 fidenti
933 1401 1029 1458 animo
1042 1409 1079 1459 at-

180 1499 236 1554 que
251 1479 352 1535 infesto
367 1479 513 1547 Romanis,
526 1498 581 1553 quo
596 1478 711 1535 facilius
725 1497 845 1534 oausam
861 1479 988 1537 bellandi
1003 1497 1080 1554 repe·

180 1559 259 1626 riret,
281 1558 384 1625 effecit,
401 1569 432 1613 ut
446 1559 600 1632 imperator
619 1576 686 1613 cum
707 1556 837 1613 exercitu
858 1558 888 1612 in
910 1554 1080 1633 Hispaniam

180 1637 347 1704 mitteretur,
363 1655 453 1710 eoque
469 1654 568 1692 seeum
592 1634 673 1691 duxit
697 1635 789 1691 filium
814 1633 1018 1704 Hannibalem,
1034 1632 1080 1692 a'r't-

140 1713 159 1766 2
179 1732 281 1770 norum
296 1733 408 1770 novem.
451 1713 523 1770 Erat
538 1724 675 1789 praeterea
691 1731 759 1769 cum
773 1731 807 1768 eo
822 1713 989 1770 adolescens
1003 1713 1080 1770 illus-

179 1793 239 1861 tris,
255 1792 403 1862 formosus,
423 1791 598 1859 Hasdrubal,
613 1809 699 1866 quem
716 1790 848 1846 nonnulli
862 1790 945 1866 diligi
960 1792 1079 1867 turpius,

178 1890 265 1945 quam
281 1891 332 1945 par
346 1881 416 1940 erat,
432 1871 468 1927 ab
489 1869 658 1926 Hamilcare
680 1869 881 1943 loquebantur.
922 1868 991 1925 Non
1005 1869 1080 1925 enim

178 1949 312 2006 maledici
335 1960 412 2006 tanto
427 1950 488 2005 viro
502 1947 601 2004 deesse
626 1956 764 2021 poterant.
808 1947 875 2011 Quo
897 1944 1079 2016 factumest,

179 2038 210 2082 ut
225 2047 241 2082 a
257 2027 391 2101 praeiecto
405 2046 518 2082 morum
533 2025 698 2081 Hasdrubal
714 2043 780 2080 cum
792 2043 830 2101 *eo
845 2034 993 2081 vetaretur
1007 2043 1078 2082 esse.

178 2103 257 2161 Huic
270 2107 319 2161 ille
334 2106 422 2160 filiam
435 2124 517 2160 suam
533 2105 562 2158 in
578 2100 892 2171 matrimonium'dedit,
908 2102 983 2177 quod
999 2103 1079 2159 mori-

139 2183 157 2235 3
179 2183 232 2238 bus
247 2201 345 2238 eorum
361 2201 417 2237 non
432 2192 542 2256 poterat
563 2182 694 2237 interdici
710 2186 809 2237 socero
823 2199 924 2256 gener.
968 2180 1014 2237 De
1029 2181 1091 2237 hoc·

178 2259 241 2314 ideo
256 2261 426 2315 mentionem
451 2259 582 2326 fecimus,
598 2259 681 2333 quod,
698 2259 867 2314 Hamilcare
888 2259 1009 2326 occisso,
1032 2259 1080 2315 illa

178 2337 319 2392 exercitui
345 2336 466 2411 praefuit,
493 2355 595 2410 resque
619 2356 739 2413 magnas
761 2337 869 2413 gessit;
897 2346 925 2392 et
950 2337 1085 2411 princeps,

178 2413 329 2488 largitione
355 2425 480 2471 vetustos
502 2417 637 2489 pervertit
662 2434 756 2470 mores
776 2414 1078 2489 Carthaginiensium

177 2491 363 2565 ejusdemque
378 2504 440 2568 post
464 2504 584 2549 mortem
605 2493 751 2549 Hannibal
774 2493 811 2548 ab
825 2493 955 2548 exercitu
971 2490 1081 2568 accepit

177 2570 340 2644 imperium.

140 2651 155 2704 1
217 2648 269 2706 IV.
294 2652 333 2706 At
358 2648 518 2717 Hamilcar,
534 2659 719 2725 posteaquam
741 2667 820 2704 mare
839 2649 952 2704 transiit
970 2649 999 2704 in
1015 2649 1079 2704 His·

177 2729 350 2803 paniamque
376 2730 462 2796 venit,
479 2747 599 2803 magnas
622 2746 671 2783 res
695 2727 823 2782 secunda
844 2727 932 2802 gessit
949 2725 1079 2782 fortuna:

178 2808 319 2862 maximas
341 2806 629 2880 bellicosissimasque
654 2815 754 2880 gentes
778 2805 907 2878 subegit:
929 2805 1021 2878 equis,
1037 2821 1079 2860 ar-

139 2887 157 2939 2
179 2885 241 2951 mis,
267 2885 345 2950 viria,
372 2885 495 2957 pecunia
517 2894 603 2938 totam
628 2883 814 2956 locupletavit
836 2881 979 2939 Africam.
1023 2881 1080 2938 Hic

178 2979 267 3034 quum
283 2962 312 3014 in
328 2960 440 3017 ltaliam
463 2960 570 3015 bellum
585 2959 692 3016 inferre
707 2959 903 3028 meditaretur,
919 2978 993 3016 nono
1007 2978 1081 3016 anno

178 3048 248 3112 post,
263 3056 350 3111 quarn
376 3038 404 3092 in
430 3037 600 3110 Hispaniam
616 3051 743 3105 venerat,
769 3040 798 3092 in
824 3038 925 3114 proelio
949 3056 1080 3114 pugnans

139 3119 157 3171 3
179 3114 317 3171 adversus
332 3114 469 3170 Vettones
483 3117 597 3170 occisus
610 3125 661 3172 est.
686 3114 783 3190 Hujus
799 3127 968 3190 perpetuum
983 3115 1080 3172 odium

178 3211 249 3267 erga
278 3191 421 3247 Romanos
449 3194 573 3249 maxime
599 3195 757 3250 concitasse
783 3193 896 3250 videtur
920 3193 1080 3249 secundum

179 3270 287 3325 bellum
302 3269 462 3326 Poenicum.
505 3271 641 3344 Namque
658 3272 813 3339 Hannibal,
829 3272 907 3327 filius
922 3272 994 3346 ejus,
1011 3272 1079 3327 assi-

178 3347 242 3403 duis
257 3349 344 3421 patris
359 3349 591 3404 obtestationibus
605 3369 639 3405 eo
658 3361 700 3405 est
718 3349 883 3424 perductus,
901 3359 932 3406 ut
952 3350 1079 3417 interire,

177 3444 265 3500 quarn
280 3425 424 3483 Romanos
438 3445 493 3482 non
508 3428 634 3501 experiri
649 3429 756 3483 mallet.
