2474 4080
182 304 224 361 56
448 290 536 356 XIV.
558 300 589 356 6.
634 288 819 373 (Datames.)

177 443 273 501 lantur
296 439 333 497 ad
360 457 458 496 eorum
484 439 652 514 perniciem,
679 456 796 512 quorum
819 437 906 495 ductu
931 457 981 496 res
1004 439 1094 499 male'

179 531 269 595 gestae
281 518 454 574 nuntientur.
495 518 581 574 Illum
595 516 651 572 hoc
663 517 769 591 majore
784 514 844 575 sore
859 515 889 572 in
903 516 1083 589 discrimine,

179 597 263 671 quod,
276 597 377 669 quibus
393 613 444 651 rex
457 594 581 650 maxime
593 595 716 662 obediat,
728 612 779 650 eos
793 593 898 650 habeat
912 594 1083 653 inimicissi-

140 681 158 732 5
179 693 251 731 mos.
292 674 413 730 Talibus
435 674 484 730 ille
505 672 608 729 litteris
624 673 757 747 cognitis,
771 690 857 745 quum
872 673 933 747 jam
947 673 984 749 ad
999 692 1084 731 oxor-

180 754 266 810 citum
277 753 360 808 Acen
369 752 508 820 venisset,
515 751 591 824 quod
605 769 662 807 non
670 751 826 825 ignorabat,
836 769 871 806 ea
879 769 948 807 vere
963 753 1082 827 scripta,

180 831 347 887 desciscere
369 849 386 886 a
406 847 475 904 rege
491 829 645 885 coustituit.
688 828 791 901 Neque
812 838 907 884 tamen
929 829 1083 903 quicquam

140 911 158 966 6
179 909 258 976 fecit,
272 909 346 981 quod
361 908 415 964 fide
432 927 483 963 sua
498 916 578 963 esset
591 906 747 981 indignum.
790 905 866 962 Nam
881 907 1082 965 Mandroclem

179 987 345 1060 Magnetem
359 986 498 1042 exercitui
511 984 657 1060 praefecit;
682 985 745 1059 ipse
760 1003 825 1039 cum
839 984 899 1040 suis
920 984 951 1040 in
966 986 1082 1060 Cappa·

179 1066 291 1123 dociam
300 1063 433 1133 discedit,
440 1064 676 1141 conjunctamque
684 1062 751 1120 huic
762 1063 989 1140 Paphlagoniam
994 1082 1082 1122 occu·

204 1176 241 1214 352
296 1154 353 1217 pat,
369 1145 478 1212 celans,
496 1162 551 1217 qua
564 1145 707 1199 voluntate
725 1153 805 1200 esset
818 1143 848 1199 in
862 1161 975 1218 regem,
1006 1146 1082 1201 clam

179 1234 199 1263 α·
213 1225 237 1262 0·
250 1235 271 1261 ¹¹·
298 1240 363 1277 curn
377 1222 569 1278 Ariobarzane
582 1220 650 1277 facit
664 1221 827 1291 amicitiam,
838 1240 952 1279 manum
966 1241 1081 1298 compa·

178 1310 230 1368 rat,
244 1302 329 1356 urbes
343 1299 466 1356 munitas
481 1299 542 1356 suis
557 1300 677 1356 tuendas
691 1299 784 1356 tradit.
1061 1312 1064 1317 “

142 1383 156 1436 1
220 1378 273 1434 VI.
297 1378 358 1434 Sed
371 1378 432 1433 haec
448 1391 563 1452 propter
575 1377 700 1434 hiemale
709 1389 821 1453 tempus
835 1377 929 1434 minus
942 1397 1080 1455 prospere

178 1456 382 1532 procedebant.
424 1456 519 1526 Audit,
535 1456 650 1513 Pisidas
664 1456 801 1529 quasdam
821 1457 920 1530 copias
942 1457 1081 1515 adversus

180 1553 212 1590 se
227 1553 337 1609 parare.
380 1534 486 1590 Filium
510 1552 545 1590 eo
567 1534 720 1591 Arsideum
744 1553 809 1591 cum
833 1535 961 1592 exercitu
985 1536 1080 1593 mittit.
1160 1543 1166 1552 '

180 1613 266 1669 Cadit
279 1613 308 1668 in
329 1612 429 1686 proelio
444 1613 626 1669 adolescens.
668 1613 864 1669 Proficiscitur
878 1631 913 1669 eo
927 1625 1009 1687 pater
1022 1633 1080 1672 non

179 1690 219 1746 ita
233 1709 298 1746 cum
311 1709 414 1764 magua
427 1709 521 1758 manu,
531 1691 640 1759 celans,
649 1700 783 1763 quantum
790 1691 893 1746 vulnus
905 1692 1081 1767 accepisset,

179 1769 254 1842 quod
275 1769 353 1843 prius
369 1769 404 1824 ad
428 1768 542 1825 hostem
561 1769 712 1843 pervenire
734 1767 875 1843 cupiebat,
889 1787 973 1842 quam
997 1771 1033 1827 de
1048 1790 1080 1828 re

178 1848 254 1904 male
277 1858 359 1922 gesta
384 1846 458 1903 fama
479 1847 515 1903 ad
539 1865 607 1903 suos
629 1847 800 1920 perveniret,
824 1865 863 1903 ne
888 1847 1003 1922 cognita
1028 1849 1081 1906 filii

139 1930 158 1982 2
179 1937 268 1982 morte
284 1925 369 1982 animi
395 1926 608 1982 debilitarentur
632 1925 761 1981 militum.
805 1925 870 1989 Quo
884 1926 1080 1996 contenderat,
1139 1965 1148 1981 .

179 2004 319 2080 peruenit,
334 2004 436 2077 hisque
460 2004 534 2060 locis
549 2015 643 2060 castra
663 2003 751 2078 ponit,
765 2011 796 2059 ut
818 2021 911 2064 neque
934 2002 1080 2061 circumiri

178 2082 358 2138 multitudine
380 2082 605 2137 adversariorum
625 2092 734 2156 posset,
747 2098 840 2154 neque
862 2081 1003 2152 imadiri,
1024 2102 1080 2156 quo

141 2163 159 2216 3
179 2161 272 2215 minus
288 2159 324 2215 ad
339 2159 530 2214 dimicandum
544 2178 658 2215 manum
671 2159 790 2216 haberet
804 2159 976 2220 expeditam.
1009 2161 1081 2217 Erat

181 2256 246 2293 cum
260 2255 295 2293 co
315 2236 572 2304 Mithrobarzanes,
587 2255 672 2293 socer
692 2238 764 2312 ejus,
777 2238 929 2313 prael'ectus
944 2239 1078 2311 equitum.

179 2314 220 2382 Is,
239 2313 400 2388 desperatis
423 2314 523 2388 generi
545 2316 639 2384 rebuS,
663 2316 698 2371 ad
721 2315 821 2372 hostes
842 2314 1002 2391 transfugit.
1047 2318 1080 2374 ld

180 2392 318 2449 Datames
343 2402 373 2447 ut
397 2392 513 2460 audivit,
536 2394 636 2461 sensit,
659 2394 684 2449 si
708 2393 738 2450 in
762 2395 872 2450 turbam
896 2393 1016 2464 exisset,
1044 2397 1079 2452 ab

179 2469 295 2526 homine
320 2479 378 2525 tam
392 2471 559 2527 necessario
580 2490 613 2527 se
636 2472 776 2538 relictum,
792 2471 912 2528 futurum
936 2483 968 2527 ut
989 2474 1079 2530 ceteri

140 2551 159 2605 4
180 2548 332 2604 consilium
340 2550 590 2622 sequerenturln
599 2550 700 2624 vulgus
711 2551 783 2606 edit:
806 2551 947 2608 suoiussu
959 2551 1079 2608 Mithro-

179 2627 331 2683 barzt'tnem
353 2627 511 2702 profectum
535 2646 585 2703 pro
606 2627 734 2703 perfuga,
748 2646 803 2700 quo
816 2627 931 2684 facilius
945 2641 1079 2704 receptus

179 2704 353 2762 interficeret
373 2706 483 2762 hostes.
526 2707 622 2772 Quare
637 2706 759 2779 relinqui
774 2725 840 2762 eum
851 2724 909 2762 non
929 2725 981 2781 par
1002 2727 1078 2776 esse,

180 2795 209 2840 et
222 2801 321 2840 omnes
338 2784 489 2840 confestim
504 2785 595 2857 sequi.
618 2784 703 2850 Quod
717 2785 743 2840 si
757 2784 851 2840 animo
865 2795 981 2840 strenuo
992 2785 1079 2842 secis-

179 2871 254 2928 sent,
268 2861 398 2929 futurum,
412 2873 442 2917 ut
456 2862 613 2917 adversarii
627 2881 684 2918 non
698 2873 817 2936 possent
834 2861 979 2924 resistere¹
995 2882 1080 2937 quum

140 2942 159 2994 5
180 2948 209 2994 et
232 2938 306 2993 intra
319 2939 425 2993 vallum
446 2948 475 2993 et
499 2937 569 2994 soris
591 2941 777 2996 caederentur.
820 2940 885 2997 Hac
900 2958 931 2996 re
953 2943 1078 3015 probate,

180 3015 339 3071 exercitum
367 3014 472 3083 educit,
504 3015 764 3074 Mithrobarzanem
791 3013 991 3093 persequiturt
1031 3021 1079 3092 qui
1118 3026 1121 3030 ⁴

178 3100 285 3147 tanturn
295 3091 370 3164 quod
384 3092 420 3147 ad
433 3091 533 3148 hostes
547 3106 725 3168 pervenerat,
735 3096 873 3153 Datames
888 3097 972 3171 signa
980 3096 1079 3153 inferri

139 3171 166 3228 θ’
175 3169 267 3244 jubet.
317 3169 434 3238 Pisidae,
456 3188 531 3227 nova
551 3189 582 3228 re
598 3173 740 3243 commoti,
754 3173 784 3230 in
806 3174 972 3250 opinionem
993 3175 1079 3232 addu-

179 3256 289 3316 cuntur,
313 3246 448 3321 perfugas
475 3250 551 3305 mala
577 3250 633 3306 fide
663 3253 876 3327 compositoque
904 3252 1024 3321 fecisse.
1050 3264 1078 3310 ut

177 3324 287 3398 recepti
303 3337 403 3381 essent
420 3327 520 3402 majori
535 3328 698 3385 calamitati.
740 3330 867 3386 Primum
881 3348 932 3386 eos
948 3330 1080 3387 adoriun-

177 3411 232 3458 tur.
273 3402 321 3458 Iui
342 3421 437 3476 quum,
450 3405 517 3477 quid
538 3417 678 3480 ageretur,
693 3417 740 3463 aut
760 3427 847 3481 quare
862 3409 953 3478 fieret,
967 3408 1080 3483 ignora·

177 3489 250 3548 rent,
265 3481 359 3536 coacti
373 3492 447 3551 sunt,
462 3485 585 3539 cumeis
605 3502 743 3559 pugnare,
758 3486 795 3542 ad
808 3505 879 3559 quos
899 3487 1079 3557 transierant,

179 3558 214 3614 ab
234 3557 337 3631 hisque
351 3569 437 3627 stare,
451 3578 522 3633 quos
536 3561 718 3636 reliquerant.
761 3564 873 3629 Quibus
887 3583 973 3638 quum
985 3576 1078 3622 neutri

139 3637 159 3692 7
177 3646 337 3712 parcerent,
347 3637 481 3694 celeriter
494 3649 559 3695 sunt
569 3639 690 3696 concisi.
711 3641 851 3716 Reliquos
867 3641 1078 3701 Pisidasresis-
