<?xml version="1.0" encoding="UTF-8"?>
<!DOCTYPE html PUBLIC "-//W3C//DTD XHTML 1.0 Transitional//EN"
    "http://www.w3.org/TR/xhtml1/DTD/xhtml1-transitional.dtd">
<html xmlns="http://www.w3.org/1999/xhtml" xml:lang="en" lang="en">
 <head>
  <title>
</title>
<meta http-equiv="Content-Type" content="text/html;charset=utf-8" />
  <meta name='ocr-system' content='tesseract 3.04.00' />
  <meta name='ocr-capabilities' content='ocr_page ocr_carea ocr_par ocr_line ocrx_word'/>
</head>
<body>
  <div class='ocr_page' id='page_1' title='image "./corneliusneposw00nepogoog_0086.png"; bbox 0 0 2474 4080; ppageno 0'>
   <div class='ocr_carea' id='block_1_1' title="bbox 400 326 1064 414">
    <p class='ocr_par' dir='ltr' id='par_1_1' title="bbox 400 326 1064 414">
     <span class='ocr_line' id='line_1_1' title="bbox 400 326 1064 414; baseline 0.011 -21"><span class='ocrx_word' id='word_1_1' title='bbox 400 326 490 393; x_wconf 79' lang='lat' dir='ltr'><strong>xix.</strong></span> <span class='ocrx_word' id='word_1_2' title='bbox 534 336 563 406; x_wconf 80' lang='lat' dir='ltr'><strong>a,</strong></span> <span class='ocrx_word' id='word_1_3' title='bbox 579 336 608 392; x_wconf 82' lang='lat'><strong>4.</strong></span> <span class='ocrx_word' id='word_1_4' title='bbox 655 328 833 414; x_wconf 68' lang='lat' dir='ltr'><strong>(Paeon.)</strong></span> <span class='ocrx_word' id='word_1_5' title='bbox 1025 341 1064 400; x_wconf 82' lang='lat' dir='ltr'><strong>ar</strong></span> 
     </span>
    </p>
   </div>
   <div class='ocr_carea' id='block_1_2' title="bbox 123 480 1105 3749">
    <p class='ocr_par' dir='ltr' id='par_1_2' title="bbox 123 480 1105 2194">
     <span class='ocr_line' id='line_1_2' title="bbox 160 480 1067 561; baseline 0.006 -21"><span class='ocrx_word' id='word_1_6' title='bbox 160 480 292 541; x_wconf 78' lang='lat' dir='ltr'><strong>Demade</strong></span> <span class='ocrx_word' id='word_1_7' title='bbox 306 481 342 540; x_wconf 91' lang='lat' dir='ltr'><strong>de</strong></span> <span class='ocrx_word' id='word_1_8' title='bbox 356 483 428 539; x_wconf 91' lang='lat' dir='ltr'><strong>urbe</strong></span> <span class='ocrx_word' id='word_1_9' title='bbox 442 480 581 540; x_wconf 88' lang='lat' dir='ltr'><strong>tradenda</strong></span> <span class='ocrx_word' id='word_1_10' title='bbox 595 482 748 558; x_wconf 83' lang='lat' dir='ltr'><strong>Antipatro</strong></span> <span class='ocrx_word' id='word_1_11' title='bbox 763 495 948 542; x_wconf 89' lang='lat' dir='ltr'><strong>consenserat</strong></span> <span class='ocrx_word' id='word_1_12' title='bbox 960 505 969 558; x_wconf 82' lang='lat'>3</span> <span class='ocrx_word' id='word_1_13' title='bbox 992 486 1067 561; x_wconf 86' lang='lat' dir='ltr'><strong>ejus-</strong></span> 
     </span>
     <span class='ocr_line' id='line_1_3' title="bbox 158 560 1066 638; baseline 0.003 -20"><span class='ocrx_word' id='word_1_14' title='bbox 158 579 217 638; x_wconf 87' lang='lat' dir='ltr'><strong>que</strong></span> <span class='ocrx_word' id='word_1_15' title='bbox 232 560 353 618; x_wconf 88' lang='lat' dir='ltr'><strong>ccnsilio</strong></span> <span class='ocrx_word' id='word_1_16' title='bbox 368 560 576 618; x_wconf 86' lang='lat' dir='ltr'><strong>Demosthenes</strong></span> <span class='ocrx_word' id='word_1_17' title='bbox 591 579 658 617; x_wconf 91' lang='lat' dir='ltr'><strong>cum</strong></span> <span class='ocrx_word' id='word_1_18' title='bbox 680 563 795 628; x_wconf 89' lang='lat' dir='ltr'><strong>ceteris,</strong></span> <span class='ocrx_word' id='word_1_19' title='bbox 810 565 860 636; x_wconf 93' lang='lat' dir='ltr'><strong>qui</strong></span> <span class='ocrx_word' id='word_1_20' title='bbox 881 565 953 621; x_wconf 90' lang='lat' dir='ltr'><strong>bene</strong></span> <span class='ocrx_word' id='word_1_21' title='bbox 969 565 1003 621; x_wconf 90' lang='lat' dir='ltr'><strong>de</strong></span> <span class='ocrx_word' id='word_1_22' title='bbox 1024 584 1066 622; x_wconf 88' lang='lat' dir='ltr'><strong>re-</strong></span> 
     </span>
     <span class='ocr_line' id='line_1_4' title="bbox 158 638 1066 714; baseline 0.003 -18"><span class='ocrx_word' id='word_1_23' title='bbox 158 638 279 714; x_wconf 86' lang='lat' dir='ltr'><strong>publica</strong></span> <span class='ocrx_word' id='word_1_24' title='bbox 301 640 396 706; x_wconf 82' lang='lat' dir='ltr'><strong>meriti</strong></span> <span class='ocrx_word' id='word_1_25' title='bbox 422 639 669 707; x_wconf 82' lang='lat' dir='ltr'>existimabantur,</span> <span class='ocrx_word' id='word_1_26' title='bbox 686 640 855 713; x_wconf 89' lang='lat' dir='ltr'><strong>populiscito</strong></span> <span class='ocrx_word' id='word_1_27' title='bbox 879 642 908 697; x_wconf 92' lang='lat' dir='ltr'><strong>in</strong></span> <span class='ocrx_word' id='word_1_28' title='bbox 931 644 1066 699; x_wconf 84' lang='lat' dir='ltr'>exsilium</span> 
     </span>
     <span class='ocr_line' id='line_1_5' title="bbox 138 716 1065 795; baseline 0.005 -23"><span class='ocrx_word' id='word_1_29' title='bbox 138 720 243 773; x_wconf 85' lang='lat' dir='ltr'><strong>‘erant</strong></span> <span class='ocrx_word' id='word_1_30' title='bbox 261 716 384 791; x_wconf 76' lang='lat' dir='ltr'><strong>expulsi,</strong></span> <span class='ocrx_word' id='word_1_31' title='bbox 426 716 531 791; x_wconf 85' lang='lat' dir='ltr'><strong>Neque</strong></span> <span class='ocrx_word' id='word_1_32' title='bbox 546 717 575 771; x_wconf 93' lang='lat' dir='ltr'><strong>in</strong></span> <span class='ocrx_word' id='word_1_33' title='bbox 591 735 625 772; x_wconf 92' lang='lat' dir='ltr'><strong>eo</strong></span> <span class='ocrx_word' id='word_1_34' title='bbox 639 717 732 772; x_wconf 92' lang='lat' dir='ltr'><strong>solum</strong></span> <span class='ocrx_word' id='word_1_35' title='bbox 747 716 910 786; x_wconf 83' lang='lat' dir='ltr'><strong>offenderat,</strong></span> <span class='ocrx_word' id='word_1_36' title='bbox 929 721 1003 793; x_wconf 93' lang='lat' dir='ltr'><strong>quod</strong></span> <span class='ocrx_word' id='word_1_37' title='bbox 1019 740 1065 795; x_wconf 92' lang='lat' dir='ltr'><strong>pa-</strong></span> 
     </span>
     <span class='ocr_line' id='line_1_6' title="bbox 157 792 1066 869; baseline 0.004 -19"><span class='ocrx_word' id='word_1_38' title='bbox 157 792 223 850; x_wconf 85' lang='lat' dir='ltr'><strong>triae</strong></span> <span class='ocrx_word' id='word_1_39' title='bbox 238 794 314 850; x_wconf 90' lang='lat' dir='ltr'><strong>male</strong></span> <span class='ocrx_word' id='word_1_40' title='bbox 329 793 523 862; x_wconf 89' lang='lat' dir='ltr'><strong>consuluerat,</strong></span> <span class='ocrx_word' id='word_1_41' title='bbox 539 794 588 850; x_wconf 88' lang='lat' dir='ltr'><strong>sed</strong></span> <span class='ocrx_word' id='word_1_42' title='bbox 610 796 707 861; x_wconf 91' lang='lat' dir='ltr'><strong>etiam,</strong></span> <span class='ocrx_word' id='word_1_43' title='bbox 722 794 797 869; x_wconf 91' lang='lat' dir='ltr'><strong>quod</strong></span> <span class='ocrx_word' id='word_1_44' title='bbox 823 798 956 853; x_wconf 82' lang='lat' dir='ltr'><strong>amicitiae</strong></span> <span class='ocrx_word' id='word_1_45' title='bbox 980 798 1066 854; x_wconf 88' lang='lat' dir='ltr'><strong>fidem</strong></span> 
     </span>
     <span class='ocr_line' id='line_1_7' title="bbox 123 871 1105 946; baseline 0.001 -15"><span class='ocrx_word' id='word_1_46' title='bbox 123 922 128 931; x_wconf 94' lang='grc'><em>,</em></span> <span class='ocrx_word' id='word_1_47' title='bbox 158 888 216 929; x_wconf 88' lang='lat' dir='ltr'><strong>uon</strong></span> <span class='ocrx_word' id='word_1_48' title='bbox 232 873 411 946; x_wconf 68' lang='lat' dir='ltr'><strong>praestiterat.</strong></span> <span class='ocrx_word' id='word_1_49' title='bbox 452 872 589 946; x_wconf 81' lang='lat' dir='ltr'><strong>Namque</strong></span> <span class='ocrx_word' id='word_1_50' title='bbox 604 882 708 927; x_wconf 88' lang='lat' dir='ltr'><strong>auctus</strong></span> <span class='ocrx_word' id='word_1_51' title='bbox 730 871 902 946; x_wconf 89' lang='lat' dir='ltr'><strong>adiutusque</strong></span> <span class='ocrx_word' id='word_1_52' title='bbox 917 894 934 930; x_wconf 88' lang='lat' dir='ltr'><strong>a</strong></span> <span class='ocrx_word' id='word_1_53' title='bbox 948 874 1064 931; x_wconf 89' lang='lat' dir='ltr'><strong>Demos·</strong></span> <span class='ocrx_word' id='word_1_54' title='bbox 1087 879 1105 933; x_wconf 82' lang='lat'>8</span> 
     </span>
     <span class='ocr_line' id='line_1_8' title="bbox 158 949 1066 1026; baseline 0.002 -20"><span class='ocrx_word' id='word_1_55' title='bbox 158 949 246 1006; x_wconf 85' lang='lat' dir='ltr'><strong>thene</strong></span> <span class='ocrx_word' id='word_1_56' title='bbox 265 968 342 1017; x_wconf 90' lang='lat' dir='ltr'><strong>eum,</strong></span> <span class='ocrx_word' id='word_1_57' title='bbox 358 969 444 1025; x_wconf 88' lang='lat' dir='ltr'><strong>quem</strong></span> <span class='ocrx_word' id='word_1_58' title='bbox 468 951 591 1017; x_wconf 86' lang='lat' dir='ltr'><strong>tenebat,</strong></span> <span class='ocrx_word' id='word_1_59' title='bbox 614 949 802 1006; x_wconf 90' lang='lat' dir='ltr'><strong>adscenderat</strong></span> <span class='ocrx_word' id='word_1_60' title='bbox 821 951 954 1025; x_wconf 87' lang='lat' dir='ltr'><strong>gradum,</strong></span> <span class='ocrx_word' id='word_1_61' title='bbox 976 971 1066 1026; x_wconf 94' lang='lat' dir='ltr'><strong>quum</strong></span> 
     </span>
     <span class='ocr_line' id='line_1_9' title="bbox 159 1025 1065 1103; baseline 0.003 -20"><span class='ocrx_word' id='word_1_62' title='bbox 159 1025 299 1084; x_wconf 84' lang='lat' dir='ltr'><strong>adversus</strong></span> <span class='ocrx_word' id='word_1_63' title='bbox 313 1026 466 1084; x_wconf 81' lang='lat' dir='ltr'><strong>Charetem</strong></span> <span class='ocrx_word' id='word_1_64' title='bbox 482 1046 549 1084; x_wconf 91' lang='lat' dir='ltr'><strong>eum</strong></span> <span class='ocrx_word' id='word_1_65' title='bbox 564 1029 751 1084; x_wconf 83' lang='lat' dir='ltr'><strong>subornaret:</strong></span> <span class='ocrx_word' id='word_1_66' title='bbox 775 1028 923 1085; x_wconf 89' lang='lat' dir='ltr'><strong>abeodem</strong></span> <span class='ocrx_word' id='word_1_67' title='bbox 939 1031 967 1084; x_wconf 89' lang='lat' dir='ltr'><strong>in</strong></span> <span class='ocrx_word' id='word_1_68' title='bbox 990 1030 1065 1103; x_wconf 87' lang='lat' dir='ltr'><strong>judi·</strong></span> 
     </span>
     <span class='ocr_line' id='line_1_10' title="bbox 152 1104 1065 1181; baseline 0.002 -20"><span class='ocrx_word' id='word_1_69' title='bbox 152 1105 221 1173; x_wconf 86' lang='lat' dir='ltr'><strong>ciis,</strong></span> <span class='ocrx_word' id='word_1_70' title='bbox 237 1124 326 1180; x_wconf 94' lang='lat' dir='ltr'><strong>quum</strong></span> <span class='ocrx_word' id='word_1_71' title='bbox 352 1104 453 1181; x_wconf 88' lang='lat' dir='ltr'><strong>capitis</strong></span> <span class='ocrx_word' id='word_1_72' title='bbox 474 1124 593 1167; x_wconf 88' lang='lat' dir='ltr'><strong>causam</strong></span> <span class='ocrx_word' id='word_1_73' title='bbox 608 1105 724 1171; x_wconf 90' lang='lat' dir='ltr'><strong>diceret,</strong></span> <span class='ocrx_word' id='word_1_74' title='bbox 747 1105 882 1162; x_wconf 84' lang='lat' dir='ltr'><strong>defensus</strong></span> <span class='ocrx_word' id='word_1_75' title='bbox 906 1108 1065 1181; x_wconf 84' lang='lat' dir='ltr'><strong>aliquoties,</strong></span> 
     </span>
     <span class='ocr_line' id='line_1_11' title="bbox 158 1182 1064 1258; baseline 0.004 -21"><span class='ocrx_word' id='word_1_76' title='bbox 158 1182 299 1239; x_wconf 88' lang='lat' dir='ltr'><strong>liberatus</strong></span> <span class='ocrx_word' id='word_1_77' title='bbox 313 1183 494 1240; x_wconf 86' lang='lat' dir='ltr'><strong>discesserat.</strong></span> <span class='ocrx_word' id='word_1_78' title='bbox 531 1183 620 1240; x_wconf 91' lang='lat' dir='ltr'><strong>Hunc</strong></span> <span class='ocrx_word' id='word_1_79' title='bbox 634 1202 690 1238; x_wconf 90' lang='lat' dir='ltr'><strong>non</strong></span> <span class='ocrx_word' id='word_1_80' title='bbox 705 1184 798 1239; x_wconf 92' lang='lat' dir='ltr'><strong>solum</strong></span> <span class='ocrx_word' id='word_1_81' title='bbox 812 1185 842 1239; x_wconf 92' lang='lat' dir='ltr'><strong>in</strong></span> <span class='ocrx_word' id='word_1_82' title='bbox 858 1187 994 1258; x_wconf 90' lang='lat' dir='ltr'><strong>periculis</strong></span> <span class='ocrx_word' id='word_1_83' title='bbox 1010 1204 1064 1241; x_wconf 91' lang='lat' dir='ltr'><strong>non</strong></span> 
     </span>
     <span class='ocr_line' id='line_1_12' title="bbox 158 1258 1105 1336; baseline 0.004 -20"><span class='ocrx_word' id='word_1_84' title='bbox 158 1258 293 1328; x_wconf 84' lang='lat' dir='ltr'><strong>defendit,</strong></span> <span class='ocrx_word' id='word_1_85' title='bbox 309 1260 359 1317; x_wconf 90' lang='lat' dir='ltr'><strong>sed</strong></span> <span class='ocrx_word' id='word_1_86' title='bbox 384 1263 470 1318; x_wconf 87' lang='lat' dir='ltr'><strong>etiam</strong></span> <span class='ocrx_word' id='word_1_87' title='bbox 492 1260 622 1336; x_wconf 87' lang='lat' dir='ltr'><strong>prodidit.</strong></span> <span class='ocrx_word' id='word_1_88' title='bbox 664 1261 795 1318; x_wconf 82' lang='lat' dir='ltr'><strong>Concidit</strong></span> <span class='ocrx_word' id='word_1_89' title='bbox 819 1273 915 1318; x_wconf 90' lang='lat' dir='ltr'><strong>autem</strong></span> <span class='ocrx_word' id='word_1_90' title='bbox 939 1264 1064 1320; x_wconf 85' lang='lat' dir='ltr'><strong>maxime</strong></span> <span class='ocrx_word' id='word_1_91' title='bbox 1085 1267 1105 1320; x_wconf 84' lang='lat'>4</span> 
     </span>
     <span class='ocr_line' id='line_1_13' title="bbox 158 1338 1063 1414; baseline 0.002 -21"><span class='ocrx_word' id='word_1_92' title='bbox 158 1340 360 1406; x_wconf 85' lang='lat' dir='ltr'><strong>unocrimine,</strong></span> <span class='ocrx_word' id='word_1_93' title='bbox 376 1340 460 1413; x_wconf 92' lang='lat' dir='ltr'><strong>quod,</strong></span> <span class='ocrx_word' id='word_1_94' title='bbox 476 1358 566 1414; x_wconf 90' lang='lat' dir='ltr'><strong>quum</strong></span> <span class='ocrx_word' id='word_1_95' title='bbox 581 1338 656 1413; x_wconf 87' lang='lat' dir='ltr'><strong>apud</strong></span> <span class='ocrx_word' id='word_1_96' title='bbox 677 1358 744 1395; x_wconf 91' lang='lat' dir='ltr'><strong>eum</strong></span> <span class='ocrx_word' id='word_1_97' title='bbox 765 1358 909 1395; x_wconf 94' lang='lat' dir='ltr'><strong>summum</strong></span> <span class='ocrx_word' id='word_1_98' title='bbox 924 1352 999 1398; x_wconf 89' lang='lat' dir='ltr'><strong>esset</strong></span> <span class='ocrx_word' id='word_1_99' title='bbox 1013 1343 1063 1396; x_wconf 90' lang='lat' dir='ltr'><strong>im-</strong></span> 
     </span>
     <span class='ocr_line' id='line_1_14' title="bbox 158 1416 1062 1492; baseline 0.004 -22"><span class='ocrx_word' id='word_1_100' title='bbox 158 1416 273 1490; x_wconf 88' lang='lat' dir='ltr'><strong>perium</strong></span> <span class='ocrx_word' id='word_1_101' title='bbox 297 1418 404 1492; x_wconf 90' lang='lat' dir='ltr'><strong>populi,</strong></span> <span class='ocrx_word' id='word_1_102' title='bbox 426 1428 463 1486; x_wconf 89' lang='lat' dir='ltr'><strong>et,</strong></span> <span class='ocrx_word' id='word_1_103' title='bbox 490 1417 676 1485; x_wconf 89' lang='lat' dir='ltr'><strong>Nicanorem,</strong></span> <span class='ocrx_word' id='word_1_104' title='bbox 701 1417 856 1473; x_wconf 87' lang='lat' dir='ltr'><strong>Cassandri</strong></span> <span class='ocrx_word' id='word_1_105' title='bbox 884 1417 1062 1492; x_wconf 70' lang='lat' dir='ltr'><strong>prefectum,</strong></span> 
     </span>
     <span class='ocr_line' id='line_1_15' title="bbox 158 1492 1062 1568; baseline 0.002 -20"><span class='ocrx_word' id='word_1_106' title='bbox 158 1492 288 1549; x_wconf 90' lang='lat' dir='ltr'><strong>insidiari</strong></span> <span class='ocrx_word' id='word_1_107' title='bbox 303 1494 413 1551; x_wconf 84' lang='lat' dir='ltr'><strong>Piraeeo</strong></span> <span class='ocrx_word' id='word_1_108' title='bbox 428 1496 660 1562; x_wconf 86' lang='lat' dir='ltr'><strong>Atheniensium,</strong></span> <span class='ocrx_word' id='word_1_109' title='bbox 683 1514 700 1550; x_wconf 90' lang='lat' dir='ltr'><strong>a</strong></span> <span class='ocrx_word' id='word_1_110' title='bbox 724 1493 864 1568; x_wconf 88' lang='lat' dir='ltr'><strong>Dercyllo</strong></span> <span class='ocrx_word' id='word_1_111' title='bbox 889 1506 1062 1564; x_wconf 86' lang='lat' dir='ltr'><strong>moneretur,</strong></span> 
     </span>
     <span class='ocr_line' id='line_1_16' title="bbox 158 1571 1062 1648; baseline 0.003 -22"><span class='ocrx_word' id='word_1_112' title='bbox 158 1571 292 1646; x_wconf 85' lang='lat' dir='ltr'><strong>idemque</strong></span> <span class='ocrx_word' id='word_1_113' title='bbox 307 1573 471 1647; x_wconf 88' lang='lat' dir='ltr'><strong>postularet,</strong></span> <span class='ocrx_word' id='word_1_114' title='bbox 487 1584 518 1629; x_wconf 95' lang='lat' dir='ltr'><strong>ut</strong></span> <span class='ocrx_word' id='word_1_115' title='bbox 532 1572 701 1648; x_wconf 90' lang='lat' dir='ltr'><strong>provideret,</strong></span> <span class='ocrx_word' id='word_1_116' title='bbox 717 1592 752 1629; x_wconf 89' lang='lat' dir='ltr'><strong>ne</strong></span> <span class='ocrx_word' id='word_1_117' title='bbox 768 1574 973 1629; x_wconf 86' lang='lat' dir='ltr'><strong>commeatibus</strong></span> <span class='ocrx_word' id='word_1_118' title='bbox 993 1575 1062 1630; x_wconf 91' lang='lat' dir='ltr'><strong>civi-</strong></span> 
     </span>
     <span class='ocr_line' id='line_1_17' title="bbox 158 1650 1063 1727; baseline 0.001 -20"><span class='ocrx_word' id='word_1_119' title='bbox 158 1659 203 1707; x_wconf 89' lang='lat' dir='ltr'><strong>tas</strong></span> <span class='ocrx_word' id='word_1_120' title='bbox 217 1651 391 1724; x_wconf 81' lang='lat' dir='ltr'><strong>privaretur,</strong></span> <span class='ocrx_word' id='word_1_121' title='bbox 413 1651 491 1719; x_wconf 92' lang='lat' dir='ltr'><strong>huic,</strong></span> <span class='ocrx_word' id='word_1_122' title='bbox 507 1652 640 1706; x_wconf 90' lang='lat' dir='ltr'><strong>audiente</strong></span> <span class='ocrx_word' id='word_1_123' title='bbox 663 1652 773 1725; x_wconf 90' lang='lat' dir='ltr'><strong>populo,</strong></span> <span class='ocrx_word' id='word_1_124' title='bbox 798 1650 922 1707; x_wconf 88' lang='lat' dir='ltr'><strong>Phocion</strong></span> <span class='ocrx_word' id='word_1_125' title='bbox 946 1653 1063 1727; x_wconf 85' lang='lat' dir='ltr'><strong>negavit</strong></span> 
     </span>
     <span class='ocr_line' id='line_1_18' title="bbox 158 1728 1063 1804; baseline 0.003 -21"><span class='ocrx_word' id='word_1_126' title='bbox 158 1746 221 1783; x_wconf 89' lang='lat' dir='ltr'><strong>esse</strong></span> <span class='ocrx_word' id='word_1_127' title='bbox 243 1729 416 1802; x_wconf 89' lang='lat' dir='ltr'><strong>periculum,</strong></span> <span class='ocrx_word' id='word_1_128' title='bbox 438 1748 526 1804; x_wconf 92' lang='lat' dir='ltr'><strong>seque</strong></span> <span class='ocrx_word' id='word_1_129' title='bbox 542 1729 604 1802; x_wconf 89' lang='lat' dir='ltr'><strong>ejus</strong></span> <span class='ocrx_word' id='word_1_130' title='bbox 619 1730 661 1783; x_wconf 90' lang='lat' dir='ltr'><strong>rei</strong></span> <span class='ocrx_word' id='word_1_131' title='bbox 686 1729 812 1784; x_wconf 89' lang='lat' dir='ltr'><strong>obsidem</strong></span> <span class='ocrx_word' id='word_1_132' title='bbox 838 1728 897 1784; x_wconf 86' lang='lat' dir='ltr'><strong>fore</strong></span> <span class='ocrx_word' id='word_1_133' title='bbox 919 1729 1063 1803; x_wconf 87' lang='lat' dir='ltr'><strong>pollicitus</strong></span> 
     </span>
     <span class='ocr_line' id='line_1_19' title="bbox 158 1804 1101 1882; baseline 0 -22"><span class='ocrx_word' id='word_1_134' title='bbox 158 1814 211 1861; x_wconf 91' lang='lat' dir='ltr'><strong>est.</strong></span> <span class='ocrx_word' id='word_1_135' title='bbox 253 1805 358 1880; x_wconf 89' lang='lat' dir='ltr'><strong>Neque</strong></span> <span class='ocrx_word' id='word_1_136' title='bbox 374 1809 413 1863; x_wconf 90' lang='lat' dir='ltr'><strong>ita</strong></span> <span class='ocrx_word' id='word_1_137' title='bbox 428 1808 517 1863; x_wconf 91' lang='lat' dir='ltr'><strong>multo</strong></span> <span class='ocrx_word' id='word_1_138' title='bbox 532 1817 593 1882; x_wconf 90' lang='lat' dir='ltr'><strong>post</strong></span> <span class='ocrx_word' id='word_1_139' title='bbox 614 1806 746 1862; x_wconf 88' lang='lat' dir='ltr'><strong>Nicanor</strong></span> <span class='ocrx_word' id='word_1_140' title='bbox 767 1804 876 1861; x_wconf 87' lang='lat' dir='ltr'><strong>Piraeeo</strong></span> <span class='ocrx_word' id='word_1_141' title='bbox 890 1817 933 1862; x_wconf 91' lang='lat' dir='ltr'><strong>est</strong></span> <span class='ocrx_word' id='word_1_142' title='bbox 947 1808 1060 1880; x_wconf 91' lang='lat' dir='ltr'><strong>potitus.</strong></span> <span class='ocrx_word' id='word_1_143' title='bbox 1083 1808 1101 1860; x_wconf 84' lang='lat'><strong>5</strong></span> 
     </span>
     <span class='ocr_line' id='line_1_20' title="bbox 159 1882 1061 1959; baseline 0.001 -21"><span class='ocrx_word' id='word_1_144' title='bbox 159 1882 207 1939; x_wconf 95' lang='lat' dir='ltr'><strong>Ad</strong></span> <span class='ocrx_word' id='word_1_145' title='bbox 233 1902 319 1957; x_wconf 91' lang='lat' dir='ltr'><strong>quem</strong></span> <span class='ocrx_word' id='word_1_146' title='bbox 345 1886 576 1959; x_wconf 88' lang='lat' dir='ltr'><strong>recuperandum</strong></span> <span class='ocrx_word' id='word_1_147' title='bbox 598 1902 690 1959; x_wconf 93' lang='lat' dir='ltr'><strong>quum</strong></span> <span class='ocrx_word' id='word_1_148' title='bbox 712 1883 833 1958; x_wconf 91' lang='lat' dir='ltr'><strong>populus</strong></span> <span class='ocrx_word' id='word_1_149' title='bbox 854 1894 982 1938; x_wconf 90' lang='lat' dir='ltr'><strong>armatus</strong></span> <span class='ocrx_word' id='word_1_150' title='bbox 997 1904 1061 1939; x_wconf 91' lang='lat' dir='ltr'><strong>con-</strong></span> 
     </span>
     <span class='ocr_line' id='line_1_21' title="bbox 158 1961 1062 2029; baseline 0.001 -13"><span class='ocrx_word' id='word_1_151' title='bbox 158 1962 305 2029; x_wconf 87' lang='lat' dir='ltr'><strong>currisset,</strong></span> <span class='ocrx_word' id='word_1_152' title='bbox 322 1962 371 2018; x_wconf 91' lang='lat' dir='ltr'><strong>ille</strong></span> <span class='ocrx_word' id='word_1_153' title='bbox 386 1981 442 2019; x_wconf 90' lang='lat' dir='ltr'><strong>non</strong></span> <span class='ocrx_word' id='word_1_154' title='bbox 457 1963 538 2021; x_wconf 90' lang='lat' dir='ltr'><strong>modo</strong></span> <span class='ocrx_word' id='word_1_155' title='bbox 552 1964 696 2017; x_wconf 89' lang='lat' dir='ltr'><strong>neminem</strong></span> <span class='ocrx_word' id='word_1_156' title='bbox 722 1961 756 2016; x_wconf 91' lang='lat' dir='ltr'><strong>ad</strong></span> <span class='ocrx_word' id='word_1_157' title='bbox 779 1979 860 2029; x_wconf 84' lang='lat' dir='ltr'><strong>arma</strong></span> <span class='ocrx_word' id='word_1_158' title='bbox 874 1962 996 2029; x_wconf 88' lang='lat' dir='ltr'><strong>vocavit,</strong></span> <span class='ocrx_word' id='word_1_159' title='bbox 1012 1961 1062 2017; x_wconf 88' lang='lat' dir='ltr'><strong>sed</strong></span> 
     </span>
     <span class='ocr_line' id='line_1_22' title="bbox 158 2039 1062 2116; baseline 0.001 -22"><span class='ocrx_word' id='word_1_160' title='bbox 158 2058 195 2096; x_wconf 89' lang='lat' dir='ltr'><strong>ne</strong></span> <span class='ocrx_word' id='word_1_161' title='bbox 210 2042 328 2096; x_wconf 91' lang='lat' dir='ltr'><strong>armatis</strong></span> <span class='ocrx_word' id='word_1_162' title='bbox 342 2041 457 2115; x_wconf 87' lang='lat' dir='ltr'><strong>quidem</strong></span> <span class='ocrx_word' id='word_1_163' title='bbox 483 2059 604 2116; x_wconf 86' lang='lat' dir='ltr'><strong>praeesse</strong></span> <span class='ocrx_word' id='word_1_164' title='bbox 620 2040 718 2096; x_wconf 92' lang='lat' dir='ltr'><strong>voluit.</strong></span> <span class='ocrx_word' id='word_1_165' title='bbox 762 2039 845 2115; x_wconf 88' lang='lat' dir='ltr'><strong>[Sine</strong></span> <span class='ocrx_word' id='word_1_166' title='bbox 866 2057 923 2113; x_wconf 92' lang='lat' dir='ltr'><strong>quo</strong></span> <span class='ocrx_word' id='word_1_167' title='bbox 938 2040 1062 2095; x_wconf 72' lang='lat' dir='ltr'><strong>Athenae</strong></span> 
     </span>
     <span class='ocr_line' id='line_1_23' title="bbox 158 2119 578 2194; baseline 0.005 -22"><span class='ocrx_word' id='word_1_168' title='bbox 158 2119 273 2174; x_wconf 90' lang='lat' dir='ltr'><strong>omnino</strong></span> <span class='ocrx_word' id='word_1_169' title='bbox 287 2137 350 2174; x_wconf 87' lang='lat' dir='ltr'><strong>esse</strong></span> <span class='ocrx_word' id='word_1_170' title='bbox 365 2137 420 2174; x_wconf 92' lang='lat' dir='ltr'><strong>non</strong></span> <span class='ocrx_word' id='word_1_171' title='bbox 435 2119 578 2194; x_wconf 79' lang='lat' dir='ltr'><strong>possunt]</strong></span> 
     </span>
    </p>

    <p class='ocr_par' dir='ltr' id='par_1_3' title="bbox 154 2194 1100 3515">
     <span class='ocr_line' id='line_1_24' title="bbox 197 2194 1099 2272; baseline -0.002 -20"><span class='ocrx_word' id='word_1_172' title='bbox 197 2194 249 2253; x_wconf 90' lang='lat' dir='ltr'><strong>Ill.</strong></span> <span class='ocrx_word' id='word_1_173' title='bbox 273 2195 366 2251; x_wconf 88' lang='lat' dir='ltr'><strong>Erant</strong></span> <span class='ocrx_word' id='word_1_174' title='bbox 377 2216 410 2253; x_wconf 92' lang='lat' dir='ltr'><strong>eo</strong></span> <span class='ocrx_word' id='word_1_175' title='bbox 421 2207 547 2272; x_wconf 91' lang='lat' dir='ltr'><strong>tempore</strong></span> <span class='ocrx_word' id='word_1_176' title='bbox 562 2197 685 2252; x_wconf 87' lang='lat' dir='ltr'><strong>Athenis</strong></span> <span class='ocrx_word' id='word_1_177' title='bbox 696 2196 761 2252; x_wconf 85' lang='lat' dir='ltr'><strong>duae</strong></span> <span class='ocrx_word' id='word_1_178' title='bbox 776 2195 922 2264; x_wconf 87' lang='lat' dir='ltr'><strong>factiones,</strong></span> <span class='ocrx_word' id='word_1_179' title='bbox 937 2215 1061 2270; x_wconf 89' lang='lat' dir='ltr'><strong>quarum</strong></span> <span class='ocrx_word' id='word_1_180' title='bbox 1084 2197 1099 2250; x_wconf 93' lang='lat'>1</span> 
     </span>
     <span class='ocr_line' id='line_1_25' title="bbox 158 2274 1061 2350; baseline 0.001 -21"><span class='ocrx_word' id='word_1_181' title='bbox 158 2291 216 2329; x_wconf 90' lang='lat' dir='ltr'><strong>una</strong></span> <span class='ocrx_word' id='word_1_182' title='bbox 240 2275 337 2348; x_wconf 90' lang='lat' dir='ltr'><strong>populi</strong></span> <span class='ocrx_word' id='word_1_183' title='bbox 362 2293 480 2331; x_wconf 87' lang='lat' dir='ltr'><strong>causam</strong></span> <span class='ocrx_word' id='word_1_184' title='bbox 496 2274 607 2350; x_wconf 87' lang='lat' dir='ltr'><strong>agebat,</strong></span> <span class='ocrx_word' id='word_1_185' title='bbox 624 2275 714 2330; x_wconf 89' lang='lat' dir='ltr'><strong>altera</strong></span> <span class='ocrx_word' id='word_1_186' title='bbox 728 2276 905 2350; x_wconf 89' lang='lat' dir='ltr'><strong>optimatum.</strong></span> <span class='ocrx_word' id='word_1_187' title='bbox 948 2274 980 2332; x_wconf 93' lang='lat' dir='ltr'><strong>ln</strong></span> <span class='ocrx_word' id='word_1_188' title='bbox 1006 2275 1061 2331; x_wconf 90' lang='lat' dir='ltr'><strong>hac</strong></span> 
     </span>
     <span class='ocr_line' id='line_1_26' title="bbox 158 2351 1061 2426; baseline 0.001 -19"><span class='ocrx_word' id='word_1_189' title='bbox 158 2361 219 2408; x_wconf 89' lang='lat' dir='ltr'><strong>erat</strong></span> <span class='ocrx_word' id='word_1_190' title='bbox 234 2351 358 2408; x_wconf 87' lang='lat' dir='ltr'><strong>Phocion</strong></span> <span class='ocrx_word' id='word_1_191' title='bbox 373 2362 401 2408; x_wconf 89' lang='lat' dir='ltr'><strong>et</strong></span> <span class='ocrx_word' id='word_1_192' title='bbox 416 2351 581 2408; x_wconf 90' lang='lat' dir='ltr'><strong>Demetrius</strong></span> <span class='ocrx_word' id='word_1_193' title='bbox 595 2351 762 2408; x_wconf 85' lang='lat' dir='ltr'><strong>Phalereus.</strong></span> <span class='ocrx_word' id='word_1_194' title='bbox 807 2352 918 2409; x_wconf 88' lang='lat' dir='ltr'><strong>Harum</strong></span> <span class='ocrx_word' id='word_1_195' title='bbox 939 2364 1061 2426; x_wconf 88' lang='lat' dir='ltr'><strong>utraque</strong></span> 
     </span>
     <span class='ocr_line' id='line_1_27' title="bbox 158 2427 1060 2505; baseline 0.002 -21"><span class='ocrx_word' id='word_1_196' title='bbox 158 2427 349 2486; x_wconf 87' lang='lat' dir='ltr'><strong>Macedonum</strong></span> <span class='ocrx_word' id='word_1_197' title='bbox 365 2431 529 2505; x_wconf 83' lang='lat' dir='ltr'><strong>patrociniis</strong></span> <span class='ocrx_word' id='word_1_198' title='bbox 550 2431 702 2485; x_wconf 89' lang='lat' dir='ltr'><strong>nitebatur.</strong></span> <span class='ocrx_word' id='word_1_199' title='bbox 746 2430 823 2485; x_wconf 90' lang='lat' dir='ltr'><strong>Nam</strong></span> <span class='ocrx_word' id='word_1_200' title='bbox 839 2430 990 2505; x_wconf 89' lang='lat' dir='ltr'><strong>populares</strong></span> <span class='ocrx_word' id='word_1_201' title='bbox 1009 2429 1060 2486; x_wconf 90' lang='lat' dir='ltr'><strong>Po-</strong></span> 
     </span>
     <span class='ocr_line' id='line_1_28' title="bbox 158 2503 1060 2582; baseline 0.001 -20"><span class='ocrx_word' id='word_1_202' title='bbox 158 2503 354 2581; x_wconf 87' lang='lat' dir='ltr'><strong>lysperchonti</strong></span> <span class='ocrx_word' id='word_1_203' title='bbox 370 2507 522 2577; x_wconf 85' lang='lat' dir='ltr'><strong>favebant3</strong></span> <span class='ocrx_word' id='word_1_204' title='bbox 545 2508 695 2582; x_wconf 89' lang='lat' dir='ltr'><strong>optimates</strong></span> <span class='ocrx_word' id='word_1_205' title='bbox 719 2526 786 2562; x_wconf 94' lang='lat' dir='ltr'><strong>cum</strong></span> <span class='ocrx_word' id='word_1_206' title='bbox 813 2507 973 2564; x_wconf 90' lang='lat' dir='ltr'><strong>Cassandro</strong></span> <span class='ocrx_word' id='word_1_207' title='bbox 998 2527 1060 2563; x_wconf 89' lang='lat' dir='ltr'><strong>sen-</strong></span> 
     </span>
     <span class='ocr_line' id='line_1_29' title="bbox 157 2582 1100 2660; baseline -0.003 -17"><span class='ocrx_word' id='word_1_208' title='bbox 157 2585 275 2643; x_wconf 88' lang='lat' dir='ltr'><strong>tiebant.</strong></span> <span class='ocrx_word' id='word_1_209' title='bbox 298 2584 415 2642; x_wconf 88' lang='lat' dir='ltr'><strong>Interim</strong></span> <span class='ocrx_word' id='word_1_210' title='bbox 430 2605 447 2641; x_wconf 90' lang='lat' dir='ltr'><strong>a</strong></span> <span class='ocrx_word' id='word_1_211' title='bbox 462 2585 704 2660; x_wconf 86' lang='lat' dir='ltr'><strong>Polysperchonte</strong></span> <span class='ocrx_word' id='word_1_212' title='bbox 715 2582 877 2640; x_wconf 78' lang='lat' dir='ltr'><strong>Cassander</strong></span> <span class='ocrx_word' id='word_1_213' title='bbox 893 2583 1061 2640; x_wconf 91' lang='lat' dir='ltr'><strong>Macedonia</strong></span> <span class='ocrx_word' id='word_1_214' title='bbox 1081 2589 1100 2640; x_wconf 79' lang='grc'>2</span> 
     </span>
     <span class='ocr_line' id='line_1_30' title="bbox 157 2661 1061 2738; baseline -0.002 -20"><span class='ocrx_word' id='word_1_215' title='bbox 157 2662 259 2738; x_wconf 91' lang='lat' dir='ltr'><strong>pulsus</strong></span> <span class='ocrx_word' id='word_1_216' title='bbox 273 2674 324 2720; x_wconf 89' lang='lat' dir='ltr'><strong>est.</strong></span> <span class='ocrx_word' id='word_1_217' title='bbox 368 2662 435 2727; x_wconf 85' lang='lat' dir='ltr'><strong>Quo</strong></span> <span class='ocrx_word' id='word_1_218' title='bbox 459 2663 533 2719; x_wconf 82' lang='lat' dir='ltr'><strong>lacto</strong></span> <span class='ocrx_word' id='word_1_219' title='bbox 558 2664 680 2737; x_wconf 85' lang='lat' dir='ltr'><strong>populus</strong></span> <span class='ocrx_word' id='word_1_220' title='bbox 700 2661 830 2736; x_wconf 89' lang='lat' dir='ltr'><strong>superior</strong></span> <span class='ocrx_word' id='word_1_221' title='bbox 852 2661 945 2717; x_wconf 88' lang='lat' dir='ltr'><strong>factus</strong></span> <span class='ocrx_word' id='word_1_222' title='bbox 966 2663 1061 2717; x_wconf 88' lang='lat' dir='ltr'><strong>statim</strong></span> 
     </span>
     <span class='ocr_line' id='line_1_31' title="bbox 157 2739 1059 2816; baseline -0.001 -20"><span class='ocrx_word' id='word_1_223' title='bbox 157 2739 247 2797; x_wconf 88' lang='lat' dir='ltr'><strong>duces</strong></span> <span class='ocrx_word' id='word_1_224' title='bbox 262 2741 433 2797; x_wconf 88' lang='lat' dir='ltr'><strong>adversariae</strong></span> <span class='ocrx_word' id='word_1_225' title='bbox 449 2740 579 2798; x_wconf 90' lang='lat' dir='ltr'><strong>factionis</strong></span> <span class='ocrx_word' id='word_1_226' title='bbox 594 2741 695 2816; x_wconf 91' lang='lat' dir='ltr'><strong>capitis</strong></span> <span class='ocrx_word' id='word_1_227' title='bbox 709 2739 857 2795; x_wconf 89' lang='lat' dir='ltr'><strong>damnatos</strong></span> <span class='ocrx_word' id='word_1_228' title='bbox 867 2739 959 2813; x_wconf 88' lang='lat' dir='ltr'><strong>patria</strong></span> <span class='ocrx_word' id='word_1_229' title='bbox 974 2758 1059 2813; x_wconf 91' lang='lat' dir='ltr'><strong>pepu-</strong></span> 
     </span>
     <span class='ocr_line' id='line_1_32' title="bbox 157 2816 1069 2893; baseline 0.001 -20"><span class='ocrx_word' id='word_1_230' title='bbox 157 2818 208 2889; x_wconf 83' lang='lat' dir='ltr'><strong>lit3</strong></span> <span class='ocrx_word' id='word_1_231' title='bbox 231 2818 261 2873; x_wconf 90' lang='lat' dir='ltr'><strong>in</strong></span> <span class='ocrx_word' id='word_1_232' title='bbox 276 2818 320 2875; x_wconf 90' lang='lat' dir='ltr'><strong>his</strong></span> <span class='ocrx_word' id='word_1_233' title='bbox 334 2818 506 2874; x_wconf 89' lang='lat' dir='ltr'><strong>Phocionem</strong></span> <span class='ocrx_word' id='word_1_234' title='bbox 518 2829 545 2875; x_wconf 89' lang='lat' dir='ltr'><strong>et</strong></span> <span class='ocrx_word' id='word_1_235' title='bbox 560 2818 740 2874; x_wconf 91' lang='lat' dir='ltr'><strong>Demetrium</strong></span> <span class='ocrx_word' id='word_1_236' title='bbox 756 2816 945 2873; x_wconf 88' lang='lat' dir='ltr'><strong>Phalereum:</strong></span> <span class='ocrx_word' id='word_1_237' title='bbox 967 2817 1069 2893; x_wconf 20' lang='lat' dir='ltr'><strong>deque,</strong></span> 
     </span>
     <span class='ocr_line' id='line_1_33' title="bbox 156 2895 1059 2972; baseline 0 -20"><span class='ocrx_word' id='word_1_238' title='bbox 156 2914 193 2952; x_wconf 84' lang='lat' dir='ltr'><strong>ee</strong></span> <span class='ocrx_word' id='word_1_239' title='bbox 206 2914 238 2951; x_wconf 88' lang='lat' dir='ltr'><strong>re</strong></span> <span class='ocrx_word' id='word_1_240' title='bbox 252 2896 362 2972; x_wconf 85' lang='lat' dir='ltr'><strong>legatos</strong></span> <span class='ocrx_word' id='word_1_241' title='bbox 376 2896 410 2952; x_wconf 90' lang='lat' dir='ltr'><strong>ad</strong></span> <span class='ocrx_word' id='word_1_242' title='bbox 430 2896 700 2970; x_wconf 86' lang='lat' dir='ltr'><strong>Polysperchontem</strong></span> <span class='ocrx_word' id='word_1_243' title='bbox 717 2897 802 2963; x_wconf 90' lang='lat' dir='ltr'><strong>misit,</strong></span> <span class='ocrx_word' id='word_1_244' title='bbox 817 2896 867 2970; x_wconf 92' lang='lat' dir='ltr'><strong>qui</strong></span> <span class='ocrx_word' id='word_1_245' title='bbox 882 2895 918 2951; x_wconf 90' lang='lat' dir='ltr'><strong>ab</strong></span> <span class='ocrx_word' id='word_1_246' title='bbox 937 2915 970 2952; x_wconf 91' lang='lat' dir='ltr'><strong>eo</strong></span> <span class='ocrx_word' id='word_1_247' title='bbox 984 2907 1059 2971; x_wconf 89' lang='lat' dir='ltr'><strong>pete-</strong></span> 
     </span>
     <span class='ocr_line' id='line_1_34' title="bbox 157 2973 1099 3048; baseline 0.005 -20"><span class='ocrx_word' id='word_1_248' title='bbox 157 2984 228 3040; x_wconf 91' lang='lat' dir='ltr'><strong>rent,</strong></span> <span class='ocrx_word' id='word_1_249' title='bbox 245 2984 277 3029; x_wconf 90' lang='lat' dir='ltr'><strong>ut</strong></span> <span class='ocrx_word' id='word_1_250' title='bbox 291 2993 345 3030; x_wconf 93' lang='lat' dir='ltr'><strong>sua</strong></span> <span class='ocrx_word' id='word_1_251' title='bbox 360 2973 476 3031; x_wconf 89' lang='lat' dir='ltr'><strong>decreta</strong></span> <span class='ocrx_word' id='word_1_252' title='bbox 491 2974 682 3030; x_wconf 88' lang='lat' dir='ltr'><strong>confirmaret.</strong></span> <span class='ocrx_word' id='word_1_253' title='bbox 720 2973 788 3030; x_wconf 89' lang='lat' dir='ltr'><strong>Huc</strong></span> <span class='ocrx_word' id='word_1_254' title='bbox 803 2974 900 3030; x_wconf 86' lang='lat' dir='ltr'><strong>eodem</strong></span> <span class='ocrx_word' id='word_1_255' title='bbox 917 2973 1060 3048; x_wconf 87' lang='lat' dir='ltr'><strong>profectus</strong></span> <span class='ocrx_word' id='word_1_256' title='bbox 1081 2979 1099 3033; x_wconf 84' lang='lat'><strong>3</strong></span> 
     </span>
     <span class='ocr_line' id='line_1_35' title="bbox 156 3051 1060 3129; baseline 0.001 -21"><span class='ocrx_word' id='word_1_257' title='bbox 156 3062 198 3108; x_wconf 89' lang='lat' dir='ltr'><strong>est</strong></span> <span class='ocrx_word' id='word_1_258' title='bbox 218 3051 354 3124; x_wconf 82' lang='lat' dir='ltr'><strong>Phocion.</strong></span> <span class='ocrx_word' id='word_1_259' title='bbox 398 3052 465 3117; x_wconf 83' lang='lat' dir='ltr'><strong>Quo</strong></span> <span class='ocrx_word' id='word_1_260' title='bbox 490 3061 521 3108; x_wconf 91' lang='lat' dir='ltr'><strong>ut</strong></span> <span class='ocrx_word' id='word_1_261' title='bbox 545 3053 632 3120; x_wconf 84' lang='lat' dir='ltr'><strong>venit,</strong></span> <span class='ocrx_word' id='word_1_262' title='bbox 647 3071 773 3123; x_wconf 27' lang='lat' dir='ltr'><strong>*causam</strong></span> <span class='ocrx_word' id='word_1_263' title='bbox 799 3051 874 3127; x_wconf 91' lang='lat' dir='ltr'><strong>apud</strong></span> <span class='ocrx_word' id='word_1_264' title='bbox 896 3051 1060 3129; x_wconf 93' lang='lat' dir='ltr'><strong>Philippum</strong></span> 
     </span>
     <span class='ocr_line' id='line_1_36' title="bbox 156 3129 1059 3205; baseline 0.003 -21"><span class='ocrx_word' id='word_1_265' title='bbox 156 3147 255 3205; x_wconf 83' lang='lat' dir='ltr'><strong>regem</strong></span> <span class='ocrx_word' id='word_1_266' title='bbox 280 3130 377 3198; x_wconf 89' lang='lat' dir='ltr'><strong>verbo,</strong></span> <span class='ocrx_word' id='word_1_267' title='bbox 407 3149 438 3185; x_wconf 92' lang='lat' dir='ltr'><strong>re</strong></span> <span class='ocrx_word' id='word_1_268' title='bbox 462 3131 525 3205; x_wconf 91' lang='lat' dir='ltr'><strong>ipsa</strong></span> <span class='ocrx_word' id='word_1_269' title='bbox 550 3130 665 3204; x_wconf 88' lang='lat' dir='ltr'><strong>quidem</strong></span> <span class='ocrx_word' id='word_1_270' title='bbox 687 3129 762 3204; x_wconf 89' lang='lat' dir='ltr'><strong>apud</strong></span> <span class='ocrx_word' id='word_1_271' title='bbox 787 3129 1059 3203; x_wconf 89' lang='lat' dir='ltr'><strong>Polysperchontem</strong></span> 
     </span>
     <span class='ocr_line' id='line_1_37' title="bbox 154 3207 1058 3281; baseline 0.002 -18"><span class='ocrx_word' id='word_1_272' title='bbox 154 3207 251 3281; x_wconf 87' lang='lat' dir='ltr'><strong>jussus</strong></span> <span class='ocrx_word' id='word_1_273' title='bbox 265 3217 308 3264; x_wconf 87' lang='lat' dir='ltr'><strong>est</strong></span> <span class='ocrx_word' id='word_1_274' title='bbox 329 3208 443 3264; x_wconf 88' lang='lat' dir='ltr'><strong>dicere:</strong></span> <span class='ocrx_word' id='word_1_275' title='bbox 465 3226 588 3281; x_wconf 88' lang='lat' dir='ltr'><strong>namque</strong></span> <span class='ocrx_word' id='word_1_276' title='bbox 604 3209 628 3262; x_wconf 93' lang='lat' dir='ltr'><strong>is</strong></span> <span class='ocrx_word' id='word_1_277' title='bbox 649 3217 710 3262; x_wconf 90' lang='lat' dir='ltr'><strong>tum</strong></span> <span class='ocrx_word' id='word_1_278' title='bbox 727 3208 802 3281; x_wconf 88' lang='lat' dir='ltr'><strong>regis</strong></span> <span class='ocrx_word' id='word_1_279' title='bbox 817 3208 902 3262; x_wconf 90' lang='lat' dir='ltr'><strong>rebus</strong></span> <span class='ocrx_word' id='word_1_280' title='bbox 928 3219 1058 3281; x_wconf 86' lang='lat' dir='ltr'><strong>praeerat.</strong></span> 
     </span>
     <span class='ocr_line' id='line_1_38' title="bbox 156 3284 1098 3361; baseline 0.001 -19"><span class='ocrx_word' id='word_1_281' title='bbox 156 3284 213 3342; x_wconf 93' lang='lat' dir='ltr'><strong>Hic</strong></span> <span class='ocrx_word' id='word_1_282' title='bbox 239 3287 275 3341; x_wconf 88' lang='lat' dir='ltr'><strong>ab</strong></span> <span class='ocrx_word' id='word_1_283' title='bbox 298 3285 451 3361; x_wconf 87' lang='lat' dir='ltr'><strong>Agnonide</strong></span> <span class='ocrx_word' id='word_1_284' title='bbox 477 3296 639 3352; x_wconf 77' lang='lat' dir='ltr'><strong>accusatuS,</strong></span> <span class='ocrx_word' id='word_1_285' title='bbox 655 3284 730 3358; x_wconf 92' lang='lat' dir='ltr'><strong>quod</strong></span> <span class='ocrx_word' id='word_1_286' title='bbox 752 3284 893 3340; x_wconf 87' lang='lat' dir='ltr'><strong>Piraeeum</strong></span> <span class='ocrx_word' id='word_1_287' title='bbox 919 3285 1058 3342; x_wconf 88' lang='lat' dir='ltr'><strong>Nicanori</strong></span> <span class='ocrx_word' id='word_1_288' title='bbox 1080 3290 1098 3343; x_wconf 78' lang='lat'>4</span> 
     </span>
     <span class='ocr_line' id='line_1_39' title="bbox 155 3362 1057 3437; baseline 0.002 -20"><span class='ocrx_word' id='word_1_289' title='bbox 155 3364 333 3437; x_wconf 89' lang='lat' dir='ltr'><strong>prodidisset,</strong></span> <span class='ocrx_word' id='word_1_290' title='bbox 348 3383 384 3419; x_wconf 89' lang='lat' dir='ltr'><strong>ex</strong></span> <span class='ocrx_word' id='word_1_291' title='bbox 399 3363 511 3419; x_wconf 89' lang='lat' dir='ltr'><strong>consilii</strong></span> <span class='ocrx_word' id='word_1_292' title='bbox 526 3365 665 3419; x_wconf 88' lang='lat' dir='ltr'><strong>sententia</strong></span> <span class='ocrx_word' id='word_1_293' title='bbox 679 3363 708 3417; x_wconf 90' lang='lat' dir='ltr'><strong>in</strong></span> <span class='ocrx_word' id='word_1_294' title='bbox 723 3362 880 3418; x_wconf 88' lang='lat' dir='ltr'><strong>custodiam</strong></span> <span class='ocrx_word' id='word_1_295' title='bbox 901 3364 1057 3435; x_wconf 81' lang='lat' dir='ltr'><strong>conjectae,</strong></span> 
     </span>
     <span class='ocr_line' id='line_1_40' title="bbox 157 3437 1057 3515; baseline -0.003 -18"><span class='ocrx_word' id='word_1_296' title='bbox 157 3440 288 3498; x_wconf 90' lang='lat' dir='ltr'><strong>Athenas</strong></span> <span class='ocrx_word' id='word_1_297' title='bbox 299 3441 441 3498; x_wconf 90' lang='lat' dir='ltr'><strong>deductus</strong></span> <span class='ocrx_word' id='word_1_298' title='bbox 452 3451 502 3508; x_wconf 90' lang='lat' dir='ltr'><strong>est,</strong></span> <span class='ocrx_word' id='word_1_299' title='bbox 513 3449 544 3495; x_wconf 88' lang='lat' dir='ltr'><strong>ut</strong></span> <span class='ocrx_word' id='word_1_300' title='bbox 555 3441 637 3496; x_wconf 91' lang='lat' dir='ltr'><strong>ibide</strong></span> <span class='ocrx_word' id='word_1_301' title='bbox 649 3459 682 3496; x_wconf 90' lang='lat' dir='ltr'><strong>eo</strong></span> <span class='ocrx_word' id='word_1_302' title='bbox 691 3440 803 3515; x_wconf 87' lang='lat' dir='ltr'><strong>legibus</strong></span> <span class='ocrx_word' id='word_1_303' title='bbox 815 3440 896 3494; x_wconf 89' lang='lat' dir='ltr'><strong>fieret</strong></span> <span class='ocrx_word' id='word_1_304' title='bbox 904 3437 1057 3510; x_wconf 84' lang='lat' dir='ltr'><strong>judicium.</strong></span> 
     </span>
    </p>

    <p class='ocr_par' dir='ltr' id='par_1_4' title="bbox 154 3516 1095 3749">
     <span class='ocr_line' id='line_1_41' title="bbox 194 3516 1095 3594; baseline -0.008 -18"><span class='ocrx_word' id='word_1_305' title='bbox 194 3519 247 3576; x_wconf 90' lang='lat' dir='ltr'><strong>IV.</strong></span> <span class='ocrx_word' id='word_1_306' title='bbox 272 3518 341 3576; x_wconf 90' lang='lat' dir='ltr'><strong>Huc</strong></span> <span class='ocrx_word' id='word_1_307' title='bbox 366 3520 415 3575; x_wconf 94' lang='lat' dir='ltr'><strong>ubi</strong></span> <span class='ocrx_word' id='word_1_308' title='bbox 438 3528 606 3594; x_wconf 88' lang='lat' dir='ltr'><strong>perventum</strong></span> <span class='ocrx_word' id='word_1_309' title='bbox 631 3528 681 3584; x_wconf 91' lang='lat' dir='ltr'><strong>est,</strong></span> <span class='ocrx_word' id='word_1_310' title='bbox 697 3536 787 3591; x_wconf 94' lang='lat' dir='ltr'><strong>quum</strong></span> <span class='ocrx_word' id='word_1_311' title='bbox 809 3524 923 3590; x_wconf 90' lang='lat' dir='ltr'><strong>propter</strong></span> <span class='ocrx_word' id='word_1_312' title='bbox 947 3526 1059 3571; x_wconf 87' lang='lat' dir='ltr'><strong>aetatem</strong></span> <span class='ocrx_word' id='word_1_313' title='bbox 1082 3516 1095 3569; x_wconf 92' lang='lat'>1</span> 
     </span>
     <span class='ocr_line' id='line_1_42' title="bbox 155 3594 1060 3673; baseline -0.008 -19"><span class='ocrx_word' id='word_1_314' title='bbox 155 3597 276 3673; x_wconf 90' lang='lat' dir='ltr'><strong>pedibus</strong></span> <span class='ocrx_word' id='word_1_315' title='bbox 287 3597 349 3671; x_wconf 91' lang='lat' dir='ltr'><strong>jam</strong></span> <span class='ocrx_word' id='word_1_316' title='bbox 363 3615 419 3653; x_wconf 90' lang='lat' dir='ltr'><strong>non</strong></span> <span class='ocrx_word' id='word_1_317' title='bbox 434 3595 552 3667; x_wconf 88' lang='lat' dir='ltr'><strong>valeret,</strong></span> <span class='ocrx_word' id='word_1_318' title='bbox 568 3595 761 3670; x_wconf 88' lang='lat' dir='ltr'><strong>vehiculoque</strong></span> <span class='ocrx_word' id='word_1_319' title='bbox 776 3598 947 3668; x_wconf 90' lang='lat' dir='ltr'><strong>portaretur,</strong></span> <span class='ocrx_word' id='word_1_320' title='bbox 963 3594 1060 3667; x_wconf 80' lang='lat' dir='ltr'><strong>magni</strong></span> 
     </span>
     <span class='ocr_line' id='line_1_43' title="bbox 154 3668 1060 3749; baseline -0.012 -16"><span class='ocrx_word' id='word_1_321' title='bbox 154 3693 317 3733; x_wconf 86' lang='lat' dir='ltr'><strong>concursus</strong></span> <span class='ocrx_word' id='word_1_322' title='bbox 337 3684 404 3732; x_wconf 86' lang='lat' dir='ltr'><strong>sunt</strong></span> <span class='ocrx_word' id='word_1_323' title='bbox 429 3673 508 3742; x_wconf 81' lang='lat' dir='ltr'><strong>lacti,</strong></span> <span class='ocrx_word' id='word_1_324' title='bbox 523 3692 613 3749; x_wconf 94' lang='lat' dir='ltr'><strong>quum</strong></span> <span class='ocrx_word' id='word_1_325' title='bbox 635 3673 693 3741; x_wconf 89' lang='lat' dir='ltr'><strong>alii,</strong></span> <span class='ocrx_word' id='word_1_326' title='bbox 716 3668 935 3738; x_wconf 82' lang='lat' dir='ltr'><strong>reminiscentes</strong></span> <span class='ocrx_word' id='word_1_327' title='bbox 954 3668 1060 3726; x_wconf 84' lang='lat' dir='ltr'><strong>veteris</strong></span> 
     </span>
    </p>
   </div>
   <div class='ocr_carea' id='block_1_3' title="bbox 0 0 1242 4080">
    <p class='ocr_par' dir='ltr' id='par_1_5' title="bbox 0 0 1242 4080">
     <span class='ocr_line' id='line_1_44' title="bbox 0 0 1242 4080; baseline 0 1"><span class='ocrx_word' id='word_1_328' title='bbox 0 0 1242 4080; x_wconf 95' lang='lat' dir='ltr'><strong> </strong></span> 
     </span>
    </p>
   </div>
  </div>
 </body>
</html>
