2474 4080
381 299 472 369 xxi.
519 313 558 434 ι..
592 305 655 390 (n
668 303 831 389 nagera)
1015 316 1058 375 aa

149 457 230 516 enim
244 457 372 533 speciem
394 457 534 516 libertatis
548 479 620 529 esse,
635 460 661 516 si
684 461 825 529 omnibus,
840 460 914 535 quod
936 463 1058 538 quisque

149 535 249 605 vellet,
274 536 390 612 legibus
413 539 539 612 experiri
561 539 672 594 liceret.
714 537 803 608 Idem,
829 558 919 614 quum
939 542 1056 615 quidam
1077 545 1096 598 3

148 611 294 671 Lamestii
318 615 431 684 similis,
445 617 560 673 nomine
583 615 779 685 Demaenetus,
794 619 823 673 in
846 620 983 676 concione
1008 639 1055 695 po-

147 693 212 767 puli
236 692 382 749 derebus
405 695 493 768 gestis
513 694 577 769 ejus
599 694 749 750 detrahere
770 697 913 770 coepisset,
928 717 964 754 ac
987 716 1055 754 non-

147 770 232 827 nulla
247 769 434 827 inveheretur
454 771 484 826 in
500 771 690 840 Timoleonta,
705 772 785 841 dixit,
801 791 879 830 nuuc
894 775 1009 831 demum
1024 793 1055 831 se

147 849 208 906 voti
222 867 286 905 esse
301 847 479 905 damnatum.
521 849 658 924 Namque
680 851 733 906 hcc
748 869 765 906 a
779 849 834 906 diis
848 851 1055 908 immortalibus

147 943 265 1000 semper
278 936 437 1000 precatum,
454 937 485 984 ut
499 927 586 984 talem
601 929 762 984 libertatem
782 930 945 986 restitueret
967 930 1054 1004 Syra-

147 1005 278 1072 cusanis,
293 1005 323 1059 iu
338 1015 396 1078 qu'a
410 1006 506 1062 cuivis
520 1004 629 1074 liceret,
645 1005 679 1062 de
700 1024 758 1080 quo
771 1006 866 1074 vellet,
882 1009 999 1084 impune
1014 1008 1054 1064 di-

147 1096 226 1137 cere.
255 1080 328 1138 'Hic
352 1100 443 1156 quum
466 1084 542 1140 diem
566 1102 733 1159 supremum
758 1084 882 1153 obiisset,
897 1087 1012 1159 publice
1037 1106 1053 1142 a
1074 1091 1093 1142 4

147 1155 346 1232 Syracusanis
366 1162 396 1216 in
405 1164 572 1237 gymnasio,
587 1162 662 1237 quod
684 1161 914 1220 Timoleonteum
929 1165 1052 1240 appella-

147 1245 207 1309 tur,
220 1245 279 1294 tota
292 1238 458 1307 celebrante
473 1240 583 1310 Sicilia,
598 1241 728 1315 sepultus
742 1252 794 1298 est.

149 1686 192 1733 „
282 1637 424 1711 xxi.
476 1637 558 1711 nu
596 1637 916 1716 nucleus

184 1935 209 1994 l.
233 1935 274 1992 Hi
289 1933 350 1991 iere
365 1932 483 1991 inerunt
498 1935 621 1992 Graeoiae
634 1935 728 2010 gentis
742 1934 839 2005 duces,
849 1938 899 2011 qui
914 1941 1051 1996 memoria
1073 1946 1087 1998 1

146 2013 226 2091 digni
241 2013 422 2081 videbantur,
438 2024 542 2088 praeter
562 2031 656 2088 reges.
699 2013 834 2088 Namque
849 2034 898 2072 eos
912 2018 1051 2093 attingere

146 2093 302 2160 noluimus,
315 2091 389 2166 quod
404 2093 531 2148 omnium
548 2109 594 2148 res
604 2102 692 2167 gestae
703 2093 856 2167 separatim
867 2096 1049 2152 suntrclatae.

147 2169 253 2245 Neque
268 2179 363 2226 tamen
386 2170 414 2225 hi
429 2170 582 2226 admodum
596 2180 663 2226 sunt
678 2170 770 2227 multi.
812 2170 1050 2232 Lacedaemonius
1071 2180 1090 2232 2

148 2260 244 2306 autem
260 2248 419 2323 Agesilaus
432 2249 556 2316 nomine,
571 2266 627 2304 non
649 2259 792 2324 potestate,
808 2249 862 2308 fuit
883 2271 952 2324 rex3
975 2253 1050 2310 sicut

147 2327 236 2384 ceteri
262 2324 407 2401 Spartani.
449 2325 496 2382 Ex
512 2327 557 2382 his
572 2344 648 2395 vero,
663 2328 714 2402 qui
734 2327 908 2386 dominatum
930 2331 1050 2406 imperio

147 2415 311 2473 tenuerunt,
339 2405 572 2461 excellentissimi
598 2403 723 2475 suerunt,
748 2416 779 2462 ut
803 2425 854 2464 nos
874 2408 1049 2483 judicamus,

147 2483 300 2540 Persarum
325 2482 423 2557 Cyrus
443 2493 471 2540 et
491 2482 608 2551 Darius,
634 2483 788 2558 Hystaspis
811 2484 905 2542 filius:
926 2505 1049 2561 quorum

148 2572 269 2636 uterque
289 2562 420 2618 arivatus
442 2562 548 2618 virtute
574 2579 696 2637 regnum
720 2570 764 2617 est
786 2560 914 2635 adeptus.
970 2563 1051 2620 Prior

145 2640 249 2696 horum
265 2639 341 2714 apud
364 2639 544 2716 Massagetas
566 2641 596 2695 in
619 2640 721 2714 proelio
739 2638 861 2709 cecidit3
885 2637 994 2696 Darius
1007 2661 1049 2697 se-

146 2727 263 2774 nectute
291 2717 368 2774 diem
395 2719 464 2774 obiit
492 2736 670 2793 supremum.
724 2716 800 2772 Tres
821 2726 889 2773 sunt
912 2724 1089 2792 praeterea3

147 2796 277 2872 ejusdem
292 2797 415 2872 generis,
432 2796 552 2865 Xerxes,
568 2806 596 2852 et
610 2795 667 2852 duo
681 2795 869 2862 Artaxerxes,
885 2794 1050 2852 Macrochir

146 2883 174 2931 et
189 2873 335 2931 Mnemon.
379 2875 470 2932 Xerxi
485 2875 610 2930 maxime
625 2885 667 2930 est
681 2874 802 2940 illustre,
820 2873 895 2948 quod
917 2874 1050 2931 maximis

146 2962 207 3026 post
220 2953 368 3008 hominum
384 2953 552 3009 memoriam
566 2953 739 3008 exercitibus
753 2963 829 3009 terra
844 2952 976 3027 marique
991 2953 1048 3008 bel-

146 3031 207 3086 lum
228 3031 325 3086 intulit
346 3031 479 3087 Graeciae.
522 3032 563 3086 At
587 3030 751 3087 Macrochir
765 3031 940 3104 praecipuam
964 3032 1086 3092 habeti

145 3108 262 3164 landem
285 3109 469 3184 amplissimae
497 3108 757 3184 pulcherrimaeque
786 3110 912 3182 corporis
935 3107 1047 3166 formae:

146 3205 232 3260 quam
256 3186 417 3243 incredibili
440 3188 554 3243 ornavit
582 3187 688 3243 virtute
718 3187 794 3242 belli.
836 3186 972 3261 Namque
1000 3187 1050 3244 illo

146 3263 248 3321 Perses
263 3284 348 3321 nemo
362 3263 416 3320 fuit
431 3282 519 3320 manu
535 3263 642 3321 fortior.
672 3264 807 3320 Mnemon
822 3275 919 3320 autem
930 3265 1049 3339 justitiae

148 3341 223 3399 lama
237 3344 343 3399 floruit.
385 3342 464 3399 Nam
483 3361 571 3416 quum
587 3344 687 3400 matris
709 3360 770 3398 suae
784 3341 893 3397 scelere
908 3344 1050 3398 amisisset

146 3438 275 3486 uxorem,
292 3430 402 3476 tantum
418 3420 536 3476 indulsit
550 3419 649 3488 dolori,
667 3431 697 3477 ut
722 3437 788 3476 eum
804 3420 895 3493 pietas
910 3420 1047 3474 vinceret.

146 3497 191 3553 Ex
207 3499 252 3554 his
266 3498 323 3554 duo
338 3497 437 3556 eodem
452 3498 565 3553 nomine
580 3499 677 3554 morbo
691 3507 802 3552 naturae
816 3495 942 3550 debitum
958 3495 1048 3550 reddi·
1070 3499 1088 3551 5

146 3575 266 3633 derunt:
288 3576 391 3632 tertius
403 3575 439 3632 ab
458 3575 609 3633 Artabano
633 3574 768 3651 praefecto
790 3571 866 3628 ferro
880 3571 1049 3630 interemtus

145 3662 198 3711 est.

614 3725 633 3778 8
