<?xml version="1.0" encoding="UTF-8"?>
<!DOCTYPE html PUBLIC "-//W3C//DTD XHTML 1.0 Transitional//EN"
    "http://www.w3.org/TR/xhtml1/DTD/xhtml1-transitional.dtd">
<html xmlns="http://www.w3.org/1999/xhtml" xml:lang="en" lang="en">
 <head>
  <title>
</title>
<meta http-equiv="Content-Type" content="text/html;charset=utf-8" />
  <meta name='ocr-system' content='tesseract 3.04.00' />
  <meta name='ocr-capabilities' content='ocr_page ocr_carea ocr_par ocr_line ocrx_word'/>
</head>
<body>
  <div class='ocr_page' id='page_1' title='image "./corneliusneposw00nepogoog_0073.png"; bbox 0 0 2474 4080; ppageno 0'>
   <div class='ocr_carea' id='block_1_1' title="bbox 185 269 874 354">
    <p class='ocr_par' dir='ltr' id='par_1_1' title="bbox 185 269 874 354">
     <span class='ocr_line' id='line_1_1' title="bbox 185 269 874 354; baseline -0.004 -16"><span class='ocrx_word' id='word_1_1' title='bbox 185 279 228 338; x_wconf 80' lang='grc'><strong>68</strong></span> <span class='ocrx_word' id='word_1_2' title='bbox 397 269 503 335; x_wconf 87' lang='lat' dir='ltr'><strong>XVII.</strong></span> <span class='ocrx_word' id='word_1_3' title='bbox 550 277 576 347; x_wconf 94' lang='lat'><strong>1,</strong></span> <span class='ocrx_word' id='word_1_4' title='bbox 591 278 620 335; x_wconf 80' lang='lat'><strong>2.</strong></span> <span class='ocrx_word' id='word_1_5' title='bbox 667 270 874 354; x_wconf 65' lang='lat' dir='ltr'><strong>(Agesilaus.)</strong></span> 
     </span>
    </p>
   </div>
   <div class='ocr_carea' id='block_1_2' title="bbox 317 640 1000 746">
    <p class='ocr_par' dir='ltr' id='par_1_2' title="bbox 317 640 1000 746">
     <span class='ocr_line' id='line_1_2' title="bbox 317 640 1000 746; baseline 0.003 -2"><span class='ocrx_word' id='word_1_6' title='bbox 317 669 488 744; x_wconf 78' lang='lat' dir='ltr'><strong>xvir.</strong></span> <span class='ocrx_word' id='word_1_7' title='bbox 539 669 951 746; x_wconf 68' lang='lat' dir='ltr'><strong>rensindus.</strong></span> <span class='ocrx_word' id='word_1_8' title='bbox 997 640 1000 645; x_wconf 77' lang='grc'><strong>’</strong></span> 
     </span>
    </p>
   </div>
   <div class='ocr_carea' id='block_1_3' title="bbox 138 977 1091 3713">
    <p class='ocr_par' dir='ltr' id='par_1_3' title="bbox 144 977 1091 1134">
     <span class='ocr_line' id='line_1_3' title="bbox 144 977 1090 1056; baseline -0.001 -19"><span class='ocrx_word' id='word_1_9' title='bbox 144 981 159 1037; x_wconf 95' lang='lat' dir='ltr'><strong>l</strong></span> <span class='ocrx_word' id='word_1_10' title='bbox 221 978 245 1037; x_wconf 92' lang='lat' dir='ltr'><strong>l.</strong></span> <span class='ocrx_word' id='word_1_11' title='bbox 268 980 432 1055; x_wconf 79' lang='lat' dir='ltr'><strong>Agesilaus,</strong></span> <span class='ocrx_word' id='word_1_12' title='bbox 448 977 681 1049; x_wconf 79' lang='lat' dir='ltr'><strong>Loccdaemonias,</strong></span> <span class='ocrx_word' id='word_1_13' title='bbox 697 998 788 1054; x_wconf 89' lang='lat' dir='ltr'><strong>quum</strong></span> <span class='ocrx_word' id='word_1_14' title='bbox 810 980 948 1037; x_wconf 89' lang='lat' dir='ltr'><strong>eceteris</strong></span> <span class='ocrx_word' id='word_1_15' title='bbox 972 981 1090 1056; x_wconf 80' lang='lat' dir='ltr'><strong>scripto-</strong></span> 
     </span>
     <span class='ocr_line' id='line_1_4' title="bbox 183 1057 1091 1134; baseline 0.002 -20"><span class='ocrx_word' id='word_1_16' title='bbox 183 1059 272 1127; x_wconf 88' lang='lat' dir='ltr'>ribus,</span> <span class='ocrx_word' id='word_1_17' title='bbox 288 1069 348 1115; x_wconf 91' lang='lat' dir='ltr'><strong>tum</strong></span> <span class='ocrx_word' id='word_1_18' title='bbox 364 1059 502 1114; x_wconf 84' lang='lat' dir='ltr'><strong>eximiae</strong></span> <span class='ocrx_word' id='word_1_19' title='bbox 530 1058 716 1134; x_wconf 80' lang='lat' dir='ltr'>Xenophonte</span> <span class='ocrx_word' id='word_1_20' title='bbox 739 1058 886 1115; x_wconf 88' lang='lat' dir='ltr'><strong>Socratico</strong></span> <span class='ocrx_word' id='word_1_21' title='bbox 907 1057 1091 1116; x_wconf 87' lang='lat' dir='ltr'><strong>collaudatus</strong></span> 
     </span>
    </p>

    <p class='ocr_par' dir='ltr' id='par_1_4' title="bbox 143 1135 1090 1602">
     <span class='ocr_line' id='line_1_5' title="bbox 143 1135 1090 1212; baseline 0.001 -20"><span class='ocrx_word' id='word_1_22' title='bbox 143 1140 162 1192; x_wconf 81' lang='lat'><strong>2</strong></span> <span class='ocrx_word' id='word_1_23' title='bbox 183 1148 244 1193; x_wconf 87' lang='lat' dir='ltr'><strong>est:</strong></span> <span class='ocrx_word' id='word_1_24' title='bbox 267 1155 301 1193; x_wconf 91' lang='lat' dir='ltr'><strong>eo</strong></span> <span class='ocrx_word' id='word_1_25' title='bbox 315 1138 392 1192; x_wconf 89' lang='lat' dir='ltr'><strong>enim</strong></span> <span class='ocrx_word' id='word_1_26' title='bbox 409 1154 478 1192; x_wconf 92' lang='lat' dir='ltr'><strong>usus</strong></span> <span class='ocrx_word' id='word_1_27' title='bbox 499 1147 542 1193; x_wconf 90' lang='lat' dir='ltr'><strong>est</strong></span> <span class='ocrx_word' id='word_1_28' title='bbox 556 1135 791 1193; x_wconf 78' lang='lat' dir='ltr'><strong>familiarissime.</strong></span> <span class='ocrx_word' id='word_1_29' title='bbox 834 1136 893 1193; x_wconf 91' lang='lat' dir='ltr'><strong>Hic</strong></span> <span class='ocrx_word' id='word_1_30' title='bbox 914 1137 1040 1212; x_wconf 90' lang='lat' dir='ltr'><strong>primum</strong></span> <span class='ocrx_word' id='word_1_31' title='bbox 1054 1135 1090 1193; x_wconf 86' lang='lat' dir='ltr'><strong>de</strong></span> 
     </span>
     <span class='ocr_line' id='line_1_6' title="bbox 183 1213 1090 1289; baseline 0.002 -20"><span class='ocrx_word' id='word_1_32' title='bbox 183 1233 271 1289; x_wconf 90' lang='lat' dir='ltr'><strong>regno</strong></span> <span class='ocrx_word' id='word_1_33' title='bbox 294 1232 362 1270; x_wconf 92' lang='lat' dir='ltr'><strong>cum</strong></span> <span class='ocrx_word' id='word_1_34' title='bbox 387 1213 574 1287; x_wconf 81' lang='lat' dir='ltr'><strong>Leotychide,</strong></span> <span class='ocrx_word' id='word_1_35' title='bbox 597 1213 696 1271; x_wconf 84' lang='lat' dir='ltr'><strong>fratris</strong></span> <span class='ocrx_word' id='word_1_36' title='bbox 720 1215 789 1284; x_wconf 90' lang='lat' dir='ltr'><strong>filio,</strong></span> <span class='ocrx_word' id='word_1_37' title='bbox 812 1215 913 1271; x_wconf 89' lang='lat' dir='ltr'><strong>habuit</strong></span> <span class='ocrx_word' id='word_1_38' title='bbox 936 1215 1090 1272; x_wconf 88' lang='lat' dir='ltr'><strong>contentio-</strong></span> 
     </span>
     <span class='ocr_line' id='line_1_7' title="bbox 182 1290 1090 1366; baseline 0.001 -19"><span class='ocrx_word' id='word_1_39' title='bbox 182 1310 259 1348; x_wconf 90' lang='lat' dir='ltr'><strong>nem.</strong></span> <span class='ocrx_word' id='word_1_40' title='bbox 284 1290 347 1347; x_wconf 90' lang='lat' dir='ltr'><strong>Mos</strong></span> <span class='ocrx_word' id='word_1_41' title='bbox 361 1304 404 1348; x_wconf 88' lang='lat' dir='ltr'><strong>est</strong></span> <span class='ocrx_word' id='word_1_42' title='bbox 419 1292 496 1347; x_wconf 89' lang='lat' dir='ltr'><strong>enim</strong></span> <span class='ocrx_word' id='word_1_43' title='bbox 512 1312 529 1348; x_wconf 93' lang='lat' dir='ltr'><strong>a</strong></span> <span class='ocrx_word' id='word_1_44' title='bbox 544 1293 700 1366; x_wconf 88' lang='lat' dir='ltr'><strong>majoribus</strong></span> <span class='ocrx_word' id='word_1_45' title='bbox 715 1292 944 1349; x_wconf 77' lang='lat' dir='ltr'><strong>Lacedaemoniis</strong></span> <span class='ocrx_word' id='word_1_46' title='bbox 959 1290 1090 1362; x_wconf 81' lang='lat' dir='ltr'><strong>traditus,</strong></span> 
     </span>
     <span class='ocr_line' id='line_1_8' title="bbox 183 1370 1090 1446; baseline 0 -20"><span class='ocrx_word' id='word_1_47' title='bbox 183 1380 214 1426; x_wconf 89' lang='lat' dir='ltr'><strong>ut</strong></span> <span class='ocrx_word' id='word_1_48' title='bbox 238 1371 310 1426; x_wconf 92' lang='lat' dir='ltr'><strong>duos</strong></span> <span class='ocrx_word' id='word_1_49' title='bbox 335 1370 474 1426; x_wconf 89' lang='lat' dir='ltr'><strong>haberent</strong></span> <span class='ocrx_word' id='word_1_50' title='bbox 495 1389 609 1445; x_wconf 88' lang='lat' dir='ltr'><strong>semper</strong></span> <span class='ocrx_word' id='word_1_51' title='bbox 634 1389 727 1446; x_wconf 71' lang='lat' dir='ltr'><strong>reges</strong></span> <span class='ocrx_word' id='word_1_52' title='bbox 749 1372 863 1426; x_wconf 89' lang='lat' dir='ltr'><strong>nomine</strong></span> <span class='ocrx_word' id='word_1_53' title='bbox 885 1371 987 1446; x_wconf 88' lang='lat' dir='ltr'><strong>magis,</strong></span> <span class='ocrx_word' id='word_1_54' title='bbox 1002 1388 1090 1445; x_wconf 85' lang='lat' dir='ltr'><strong>quarn</strong></span> 
     </span>
     <span class='ocr_line' id='line_1_9' title="bbox 182 1448 1090 1523; baseline 0.001 -20"><span class='ocrx_word' id='word_1_55' title='bbox 182 1449 310 1523; x_wconf 89' lang='lat' dir='ltr'><strong>imperio,</strong></span> <span class='ocrx_word' id='word_1_56' title='bbox 326 1467 362 1503; x_wconf 86' lang='lat' dir='ltr'><strong>ex</strong></span> <span class='ocrx_word' id='word_1_57' title='bbox 389 1448 502 1503; x_wconf 89' lang='lat' dir='ltr'><strong>duabus</strong></span> <span class='ocrx_word' id='word_1_58' title='bbox 525 1448 641 1505; x_wconf 90' lang='lat' dir='ltr'><strong>familiis</strong></span> <span class='ocrx_word' id='word_1_59' title='bbox 656 1449 751 1505; x_wconf 86' lang='lat' dir='ltr'><strong>Procli</strong></span> <span class='ocrx_word' id='word_1_60' title='bbox 765 1460 794 1505; x_wconf 88' lang='lat' dir='ltr'><strong>et</strong></span> <span class='ocrx_word' id='word_1_61' title='bbox 819 1448 1024 1522; x_wconf 85' lang='lat' dir='ltr'><strong>Eurysthenis,</strong></span> <span class='ocrx_word' id='word_1_62' title='bbox 1039 1448 1090 1523; x_wconf 70' lang='lat' dir='ltr'><strong>qui</strong></span> 
     </span>
     <span class='ocr_line' id='line_1_10' title="bbox 183 1526 1088 1602; baseline 0.001 -21"><span class='ocrx_word' id='word_1_63' title='bbox 183 1528 327 1602; x_wconf 84' lang='lat' dir='ltr'><strong>principes</strong></span> <span class='ocrx_word' id='word_1_64' title='bbox 348 1545 383 1582; x_wconf 86' lang='lat' dir='ltr'><strong>ex</strong></span> <span class='ocrx_word' id='word_1_65' title='bbox 400 1527 534 1601; x_wconf 88' lang='lat' dir='ltr'><strong>progenie</strong></span> <span class='ocrx_word' id='word_1_66' title='bbox 556 1527 695 1583; x_wconf 88' lang='lat' dir='ltr'><strong>Herculis</strong></span> <span class='ocrx_word' id='word_1_67' title='bbox 719 1527 830 1602; x_wconf 88' lang='lat' dir='ltr'><strong>Spartae</strong></span> <span class='ocrx_word' id='word_1_68' title='bbox 851 1545 935 1602; x_wconf 89' lang='lat' dir='ltr'><strong>reges</strong></span> <span class='ocrx_word' id='word_1_69' title='bbox 961 1526 1088 1588; x_wconf 82' lang='lat' dir='ltr'><strong>suerunt.</strong></span> 
     </span>
    </p>

    <p class='ocr_par' dir='ltr' id='par_1_5' title="bbox 143 1603 1090 1995">
     <span class='ocr_line' id='line_1_11' title="bbox 143 1603 1088 1662; baseline 0.001 -2"><span class='ocrx_word' id='word_1_70' title='bbox 143 1608 161 1660; x_wconf 82' lang='lat'>3</span> <span class='ocrx_word' id='word_1_71' title='bbox 182 1604 296 1662; x_wconf 89' lang='lat' dir='ltr'><strong>Harum</strong></span> <span class='ocrx_word' id='word_1_72' title='bbox 312 1624 348 1660; x_wconf 88' lang='lat' dir='ltr'><strong>ex</strong></span> <span class='ocrx_word' id='word_1_73' title='bbox 364 1604 454 1660; x_wconf 88' lang='lat' dir='ltr'><strong>altera</strong></span> <span class='ocrx_word' id='word_1_74' title='bbox 469 1605 498 1660; x_wconf 92' lang='lat' dir='ltr'><strong>in</strong></span> <span class='ocrx_word' id='word_1_75' title='bbox 514 1604 635 1660; x_wconf 91' lang='lat' dir='ltr'><strong>alterius</strong></span> <span class='ocrx_word' id='word_1_76' title='bbox 650 1604 768 1661; x_wconf 83' lang='lat' dir='ltr'><strong>familiae</strong></span> <span class='ocrx_word' id='word_1_77' title='bbox 783 1605 878 1661; x_wconf 90' lang='lat' dir='ltr'><strong>locum</strong></span> <span class='ocrx_word' id='word_1_78' title='bbox 900 1605 963 1660; x_wconf 87' lang='lat' dir='ltr'><strong>fieri</strong></span> <span class='ocrx_word' id='word_1_79' title='bbox 978 1622 1035 1661; x_wconf 91' lang='lat' dir='ltr'><strong>non</strong></span> <span class='ocrx_word' id='word_1_80' title='bbox 1054 1603 1088 1661; x_wconf 88' lang='lat' dir='ltr'><strong>ll-</strong></span> 
     </span>
     <span class='ocr_line' id='line_1_12' title="bbox 182 1682 1088 1757; baseline -0.002 -17"><span class='ocrx_word' id='word_1_81' title='bbox 182 1684 275 1740; x_wconf 88' lang='lat' dir='ltr'><strong>cebat.</strong></span> <span class='ocrx_word' id='word_1_82' title='bbox 318 1682 420 1757; x_wconf 87' lang='lat' dir='ltr'><strong>ltaque</strong></span> <span class='ocrx_word' id='word_1_83' title='bbox 447 1693 569 1756; x_wconf 91' lang='lat' dir='ltr'><strong>utraque</strong></span> <span class='ocrx_word' id='word_1_84' title='bbox 584 1702 669 1739; x_wconf 90' lang='lat' dir='ltr'><strong>suum</strong></span> <span class='ocrx_word' id='word_1_85' title='bbox 692 1684 832 1739; x_wconf 89' lang='lat' dir='ltr'><strong>retinebat</strong></span> <span class='ocrx_word' id='word_1_86' title='bbox 846 1683 985 1757; x_wconf 88' lang='lat' dir='ltr'><strong>ordinem.</strong></span> <span class='ocrx_word' id='word_1_87' title='bbox 1028 1682 1088 1739; x_wconf 91' lang='lat' dir='ltr'><strong>Pri-</strong></span> 
     </span>
     <span class='ocr_line' id='line_1_13' title="bbox 182 1759 1090 1836; baseline -0.002 -17"><span class='ocrx_word' id='word_1_88' title='bbox 182 1781 261 1819; x_wconf 91' lang='lat' dir='ltr'><strong>mum</strong></span> <span class='ocrx_word' id='word_1_89' title='bbox 277 1762 348 1818; x_wconf 89' lang='lat' dir='ltr'><strong>ratio</strong></span> <span class='ocrx_word' id='word_1_90' title='bbox 364 1761 531 1830; x_wconf 90' lang='lat' dir='ltr'><strong>habebatur,</strong></span> <span class='ocrx_word' id='word_1_91' title='bbox 544 1762 594 1836; x_wconf 90' lang='lat' dir='ltr'><strong>qui</strong></span> <span class='ocrx_word' id='word_1_92' title='bbox 609 1762 753 1817; x_wconf 79' lang='lat' dir='ltr'><strong>maxImus</strong></span> <span class='ocrx_word' id='word_1_93' title='bbox 768 1771 837 1817; x_wconf 88' lang='lat' dir='ltr'><strong>natu</strong></span> <span class='ocrx_word' id='word_1_94' title='bbox 852 1770 925 1817; x_wconf 91' lang='lat' dir='ltr'><strong>esset</strong></span> <span class='ocrx_word' id='word_1_95' title='bbox 939 1779 976 1816; x_wconf 82' lang='lat' dir='ltr'><strong>ex</strong></span> <span class='ocrx_word' id='word_1_96' title='bbox 990 1759 1090 1817; x_wconf 88' lang='lat' dir='ltr'><strong>liberis</strong></span> 
     </span>
     <span class='ocr_line' id='line_1_14' title="bbox 182 1839 1087 1916; baseline -0.001 -20"><span class='ocrx_word' id='word_1_97' title='bbox 182 1841 246 1916; x_wconf 89' lang='lat' dir='ltr'><strong>ejus</strong></span> <span class='ocrx_word' id='word_1_98' title='bbox 260 1842 309 1915; x_wconf 92' lang='lat' dir='ltr'><strong>qui</strong></span> <span class='ocrx_word' id='word_1_99' title='bbox 325 1859 450 1916; x_wconf 87' lang='lat' dir='ltr'><strong>regnans</strong></span> <span class='ocrx_word' id='word_1_100' title='bbox 465 1839 644 1896; x_wconf 83' lang='lat' dir='ltr'><strong>decessisset.</strong></span> <span class='ocrx_word' id='word_1_101' title='bbox 681 1840 732 1895; x_wconf 88' lang='lat' dir='ltr'><strong>Sin</strong></span> <span class='ocrx_word' id='word_1_102' title='bbox 747 1840 772 1895; x_wconf 88' lang='lat' dir='ltr'><strong>is</strong></span> <span class='ocrx_word' id='word_1_103' title='bbox 787 1840 900 1895; x_wconf 86' lang='lat' dir='ltr'><strong>virilem</strong></span> <span class='ocrx_word' id='word_1_104' title='bbox 914 1857 1017 1894; x_wconf 85' lang='lat' dir='ltr'><strong>sexum</strong></span> <span class='ocrx_word' id='word_1_105' title='bbox 1032 1857 1087 1895; x_wconf 92' lang='lat' dir='ltr'><strong>uon</strong></span> 
     </span>
     <span class='ocr_line' id='line_1_15' title="bbox 182 1917 1087 1995; baseline -0.003 -21"><span class='ocrx_word' id='word_1_106' title='bbox 182 1920 354 1995; x_wconf 86' lang='lat' dir='ltr'><strong>reliquisset,</strong></span> <span class='ocrx_word' id='word_1_107' title='bbox 370 1929 431 1975; x_wconf 90' lang='lat' dir='ltr'><strong>tum</strong></span> <span class='ocrx_word' id='word_1_108' title='bbox 446 1918 636 1993; x_wconf 85' lang='lat' dir='ltr'><strong>deligebatur,</strong></span> <span class='ocrx_word' id='word_1_109' title='bbox 651 1919 701 1992; x_wconf 93' lang='lat' dir='ltr'><strong>qui</strong></span> <span class='ocrx_word' id='word_1_110' title='bbox 720 1918 866 1992; x_wconf 89' lang='lat' dir='ltr'><strong>proximus</strong></span> <span class='ocrx_word' id='word_1_111' title='bbox 880 1926 955 1972; x_wconf 89' lang='lat' dir='ltr'><strong>esset</strong></span> <span class='ocrx_word' id='word_1_112' title='bbox 976 1917 1087 1992; x_wconf 90' lang='lat' dir='ltr'><strong>propin·</strong></span> 
     </span>
    </p>

    <p class='ocr_par' dir='ltr' id='par_1_6' title="bbox 142 1993 1088 2307">
     <span class='ocr_line' id='line_1_16' title="bbox 142 1993 1087 2072; baseline -0.002 -20"><span class='ocrx_word' id='word_1_113' title='bbox 142 2001 161 2052; x_wconf 84' lang='lat'>4</span> <span class='ocrx_word' id='word_1_114' title='bbox 182 1999 300 2072; x_wconf 85' lang='lat' dir='ltr'><strong>quitata.</strong></span> <span class='ocrx_word' id='word_1_115' title='bbox 345 1997 477 2053; x_wconf 91' lang='lat' dir='ltr'><strong>Mortuus</strong></span> <span class='ocrx_word' id='word_1_116' title='bbox 492 2006 555 2053; x_wconf 87' lang='lat' dir='ltr'><strong>erat</strong></span> <span class='ocrx_word' id='word_1_117' title='bbox 569 1997 643 2071; x_wconf 86' lang='lat' dir='ltr'><strong>Agis</strong></span> <span class='ocrx_word' id='word_1_118' title='bbox 668 2014 728 2065; x_wconf 75' lang='lat' dir='ltr'><strong>reX,</strong></span> <span class='ocrx_word' id='word_1_119' title='bbox 745 1995 833 2052; x_wconf 91' lang='lat' dir='ltr'><strong>frater</strong></span> <span class='ocrx_word' id='word_1_120' title='bbox 855 1994 997 2071; x_wconf 85' lang='lat' dir='ltr'><strong>Agesilai.</strong></span> <span class='ocrx_word' id='word_1_121' title='bbox 1040 1993 1087 2050; x_wconf 86' lang='lat' dir='ltr'><strong>Fi-</strong></span> 
     </span>
     <span class='ocr_line' id='line_1_17' title="bbox 182 2072 1088 2148; baseline -0.001 -18"><span class='ocrx_word' id='word_1_122' title='bbox 182 2075 254 2131; x_wconf 94' lang='lat' dir='ltr'><strong>lium</strong></span> <span class='ocrx_word' id='word_1_123' title='bbox 286 2076 442 2148; x_wconf 88' lang='lat' dir='ltr'><strong>reliquerat</strong></span> <span class='ocrx_word' id='word_1_124' title='bbox 470 2072 687 2148; x_wconf 88' lang='lat' dir='ltr'><strong>Leotychidem,</strong></span> <span class='ocrx_word' id='word_1_125' title='bbox 713 2093 800 2148; x_wconf 92' lang='lat' dir='ltr'><strong>quem</strong></span> <span class='ocrx_word' id='word_1_126' title='bbox 828 2073 878 2129; x_wconf 91' lang='lat' dir='ltr'><strong>ille</strong></span> <span class='ocrx_word' id='word_1_127' title='bbox 906 2082 1007 2128; x_wconf 91' lang='lat' dir='ltr'><strong>natum</strong></span> <span class='ocrx_word' id='word_1_128' title='bbox 1031 2080 1088 2129; x_wconf 91' lang='lat' dir='ltr'><strong>noh</strong></span> 
     </span>
     <span class='ocr_line' id='line_1_18' title="bbox 182 2150 1087 2227; baseline 0 -19"><span class='ocrx_word' id='word_1_129' title='bbox 182 2163 309 2227; x_wconf 83' lang='lat' dir='ltr'><strong>eguerat,</strong></span> <span class='ocrx_word' id='word_1_130' title='bbox 325 2152 460 2207; x_wconf 89' lang='lat' dir='ltr'><strong>eumdem</strong></span> <span class='ocrx_word' id='word_1_131' title='bbox 486 2154 610 2208; x_wconf 91' lang='lat' dir='ltr'><strong>moriens</strong></span> <span class='ocrx_word' id='word_1_132' title='bbox 635 2171 721 2208; x_wconf 89' lang='lat' dir='ltr'><strong>suurn</strong></span> <span class='ocrx_word' id='word_1_133' title='bbox 746 2171 808 2208; x_wconf 90' lang='lat' dir='ltr'><strong>esse</strong></span> <span class='ocrx_word' id='word_1_134' title='bbox 833 2151 955 2207; x_wconf 84' lang='lat' dir='ltr'><strong>dixerat.</strong></span> <span class='ocrx_word' id='word_1_135' title='bbox 998 2150 1027 2208; x_wconf 92' lang='lat' dir='ltr'><strong>Is</strong></span> <span class='ocrx_word' id='word_1_136' title='bbox 1052 2151 1087 2208; x_wconf 89' lang='lat' dir='ltr'><strong>de</strong></span> 
     </span>
     <span class='ocr_line' id='line_1_19' title="bbox 181 2229 1086 2307; baseline 0 -22"><span class='ocrx_word' id='word_1_137' title='bbox 181 2230 287 2285; x_wconf 90' lang='lat' dir='ltr'><strong>honore</strong></span> <span class='ocrx_word' id='word_1_138' title='bbox 303 2231 384 2302; x_wconf 91' lang='lat' dir='ltr'><strong>regni</strong></span> <span class='ocrx_word' id='word_1_139' title='bbox 406 2248 473 2284; x_wconf 92' lang='lat' dir='ltr'><strong>cum</strong></span> <span class='ocrx_word' id='word_1_140' title='bbox 489 2230 636 2304; x_wconf 86' lang='lat' dir='ltr'><strong>Agesilao,</strong></span> <span class='ocrx_word' id='word_1_141' title='bbox 652 2249 704 2288; x_wconf 89' lang='lat' dir='ltr'><strong>suo</strong></span> <span class='ocrx_word' id='word_1_142' title='bbox 728 2241 838 2307; x_wconf 86' lang='lat' dir='ltr'><strong>patrue,</strong></span> <span class='ocrx_word' id='word_1_143' title='bbox 854 2229 1017 2286; x_wconf 86' lang='lat' dir='ltr'><strong>contendit:</strong></span> <span class='ocrx_word' id='word_1_144' title='bbox 1038 2247 1086 2285; x_wconf 90' lang='lat' dir='ltr'><strong>ne-</strong></span> 
     </span>
    </p>

    <p class='ocr_par' dir='ltr' id='par_1_7' title="bbox 141 2306 1088 2539">
     <span class='ocr_line' id='line_1_20' title="bbox 141 2306 1087 2382; baseline 0.002 -20"><span class='ocrx_word' id='word_1_145' title='bbox 141 2311 160 2362; x_wconf 84' lang='lat'>5</span> <span class='ocrx_word' id='word_1_146' title='bbox 181 2326 238 2382; x_wconf 91' lang='lat' dir='ltr'><strong>que</strong></span> <span class='ocrx_word' id='word_1_147' title='bbox 263 2307 300 2374; x_wconf 87' lang='lat' dir='ltr'><strong>id,</strong></span> <span class='ocrx_word' id='word_1_148' title='bbox 315 2306 391 2380; x_wconf 92' lang='lat' dir='ltr'><strong>quod</strong></span> <span class='ocrx_word' id='word_1_149' title='bbox 414 2307 522 2380; x_wconf 82' lang='lat' dir='ltr'><strong>petivit,</strong></span> <span class='ocrx_word' id='word_1_150' title='bbox 539 2320 710 2364; x_wconf 90' lang='lat' dir='ltr'><strong>consecutus</strong></span> <span class='ocrx_word' id='word_1_151' title='bbox 731 2319 784 2365; x_wconf 91' lang='lat' dir='ltr'><strong>est.</strong></span> <span class='ocrx_word' id='word_1_152' title='bbox 827 2307 906 2364; x_wconf 89' lang='lat' dir='ltr'><strong>Nam</strong></span> <span class='ocrx_word' id='word_1_153' title='bbox 932 2306 1087 2382; x_wconf 85' lang='lat' dir='ltr'><strong>Lysandro</strong></span> 
     </span>
     <span class='ocr_line' id='line_1_21' title="bbox 182 2384 1088 2462; baseline 0.003 -21"><span class='ocrx_word' id='word_1_154' title='bbox 182 2384 370 2459; x_wconf 85' lang='lat' dir='ltr'><strong>suffragante,</strong></span> <span class='ocrx_word' id='word_1_155' title='bbox 396 2385 519 2453; x_wconf 91' lang='lat' dir='ltr'><strong>homine,</strong></span> <span class='ocrx_word' id='word_1_156' title='bbox 546 2396 577 2441; x_wconf 87' lang='lat' dir='ltr'><strong>ut</strong></span> <span class='ocrx_word' id='word_1_157' title='bbox 601 2387 775 2442; x_wconf 88' lang='lat' dir='ltr'><strong>ostendimus</strong></span> <span class='ocrx_word' id='word_1_158' title='bbox 797 2404 894 2462; x_wconf 90' lang='lat' dir='ltr'><strong>supra,</strong></span> <span class='ocrx_word' id='word_1_159' title='bbox 917 2384 1035 2443; x_wconf 87' lang='lat' dir='ltr'><strong>factioso</strong></span> <span class='ocrx_word' id='word_1_160' title='bbox 1059 2393 1088 2444; x_wconf 72' lang='lat' dir='ltr'><strong>e‘.</strong></span> 
     </span>
     <span class='ocr_line' id='line_1_22' title="bbox 181 2463 947 2539; baseline 0 -20"><span class='ocrx_word' id='word_1_161' title='bbox 181 2463 226 2519; x_wconf 91' lang='lat' dir='ltr'><strong>his</strong></span> <span class='ocrx_word' id='word_1_162' title='bbox 240 2463 414 2538; x_wconf 86' lang='lat' dir='ltr'><strong>temporibus</strong></span> <span class='ocrx_word' id='word_1_163' title='bbox 429 2473 548 2539; x_wconf 89' lang='lat' dir='ltr'><strong>potente,</strong></span> <span class='ocrx_word' id='word_1_164' title='bbox 565 2465 723 2539; x_wconf 85' lang='lat' dir='ltr'><strong>Agesilaus</strong></span> <span class='ocrx_word' id='word_1_165' title='bbox 738 2465 880 2520; x_wconf 89' lang='lat' dir='ltr'><strong>antelatus</strong></span> <span class='ocrx_word' id='word_1_166' title='bbox 894 2475 947 2521; x_wconf 87' lang='lat' dir='ltr'><strong>est.</strong></span> 
     </span>
    </p>

    <p class='ocr_par' dir='ltr' id='par_1_8' title="bbox 143 2541 1087 2931">
     <span class='ocr_line' id='line_1_23' title="bbox 143 2541 1084 2617; baseline -0.001 -16"><span class='ocrx_word' id='word_1_167' title='bbox 143 2546 158 2601; x_wconf 96' lang='lat' dir='ltr'><strong>l</strong></span> <span class='ocrx_word' id='word_1_168' title='bbox 220 2541 257 2599; x_wconf 93' lang='lat' dir='ltr'><strong>ll.</strong></span> <span class='ocrx_word' id='word_1_169' title='bbox 281 2541 338 2598; x_wconf 89' lang='lat' dir='ltr'><strong>Hic</strong></span> <span class='ocrx_word' id='word_1_170' title='bbox 353 2543 527 2616; x_wconf 87' lang='lat' dir='ltr'><strong>simulatque</strong></span> <span class='ocrx_word' id='word_1_171' title='bbox 553 2543 664 2617; x_wconf 90' lang='lat' dir='ltr'><strong>imperii</strong></span> <span class='ocrx_word' id='word_1_172' title='bbox 685 2544 789 2617; x_wconf 91' lang='lat' dir='ltr'><strong>potitus</strong></span> <span class='ocrx_word' id='word_1_173' title='bbox 804 2553 855 2611; x_wconf 91' lang='lat' dir='ltr'><strong>est,</strong></span> <span class='ocrx_word' id='word_1_174' title='bbox 871 2543 1014 2617; x_wconf 92' lang='lat' dir='ltr'><strong>persuasit</strong></span> <span class='ocrx_word' id='word_1_175' title='bbox 1028 2541 1084 2600; x_wconf 91' lang='lat' dir='ltr'><strong>La-</strong></span> 
     </span>
     <span class='ocr_line' id='line_1_24' title="bbox 180 2621 1085 2689; baseline -0.001 -12"><span class='ocrx_word' id='word_1_176' title='bbox 180 2621 370 2689; x_wconf 84' lang='lat' dir='ltr'><strong>cedaemoniis,</strong></span> <span class='ocrx_word' id='word_1_177' title='bbox 401 2632 432 2679; x_wconf 91' lang='lat' dir='ltr'><strong>ut</strong></span> <span class='ocrx_word' id='word_1_178' title='bbox 455 2622 615 2678; x_wconf 88' lang='lat' dir='ltr'><strong>exercitum</strong></span> <span class='ocrx_word' id='word_1_179' title='bbox 646 2623 808 2685; x_wconf 86' lang='lat' dir='ltr'><strong>emitterent</strong></span> <span class='ocrx_word' id='word_1_180' title='bbox 831 2621 861 2676; x_wconf 92' lang='lat' dir='ltr'><strong>in</strong></span> <span class='ocrx_word' id='word_1_181' title='bbox 889 2621 1002 2689; x_wconf 88' lang='lat' dir='ltr'><strong>Asiam,</strong></span> <span class='ocrx_word' id='word_1_182' title='bbox 1028 2621 1085 2678; x_wconf 91' lang='lat' dir='ltr'><strong>bel-</strong></span> 
     </span>
     <span class='ocr_line' id='line_1_25' title="bbox 180 2699 1087 2776; baseline 0 -21"><span class='ocrx_word' id='word_1_183' title='bbox 180 2700 298 2776; x_wconf 91' lang='lat' dir='ltr'><strong>lumque</strong></span> <span class='ocrx_word' id='word_1_184' title='bbox 314 2702 374 2776; x_wconf 83' lang='lat' dir='ltr'><strong>regi</strong></span> <span class='ocrx_word' id='word_1_185' title='bbox 391 2700 536 2757; x_wconf 87' lang='lat' dir='ltr'><strong>facerent:</strong></span> <span class='ocrx_word' id='word_1_186' title='bbox 559 2700 672 2768; x_wconf 92' lang='lat' dir='ltr'><strong>docens,</strong></span> <span class='ocrx_word' id='word_1_187' title='bbox 683 2700 772 2755; x_wconf 89' lang='lat' dir='ltr'><strong>satius</strong></span> <span class='ocrx_word' id='word_1_188' title='bbox 782 2719 845 2755; x_wconf 91' lang='lat' dir='ltr'><strong>esse</strong></span> <span class='ocrx_word' id='word_1_189' title='bbox 860 2700 888 2755; x_wconf 93' lang='lat' dir='ltr'><strong>in</strong></span> <span class='ocrx_word' id='word_1_190' title='bbox 906 2699 987 2767; x_wconf 90' lang='lat' dir='ltr'><strong>Asia,</strong></span> <span class='ocrx_word' id='word_1_191' title='bbox 998 2718 1087 2773; x_wconf 90' lang='lat' dir='ltr'><strong>quam</strong></span> 
     </span>
     <span class='ocr_line' id='line_1_26' title="bbox 179 2777 1086 2855; baseline -0.003 -20"><span class='ocrx_word' id='word_1_192' title='bbox 179 2780 209 2835; x_wconf 92' lang='lat' dir='ltr'><strong>in</strong></span> <span class='ocrx_word' id='word_1_193' title='bbox 224 2779 342 2855; x_wconf 87' lang='lat' dir='ltr'><strong>Europa</strong></span> <span class='ocrx_word' id='word_1_194' title='bbox 357 2780 498 2835; x_wconf 90' lang='lat' dir='ltr'><strong>dimicari.</strong></span> <span class='ocrx_word' id='word_1_195' title='bbox 541 2777 677 2853; x_wconf 90' lang='lat' dir='ltr'><strong>Namque</strong></span> <span class='ocrx_word' id='word_1_196' title='bbox 698 2777 775 2834; x_wconf 86' lang='lat' dir='ltr'><strong>fama</strong></span> <span class='ocrx_word' id='word_1_197' title='bbox 790 2777 910 2845; x_wconf 84' lang='lat' dir='ltr'><strong>exierat,</strong></span> <span class='ocrx_word' id='word_1_198' title='bbox 927 2777 1086 2834; x_wconf 87' lang='lat' dir='ltr'><strong>Artaxerx-</strong></span> 
     </span>
     <span class='ocr_line' id='line_1_27' title="bbox 180 2854 1086 2931; baseline -0.003 -18"><span class='ocrx_word' id='word_1_199' title='bbox 180 2876 225 2913; x_wconf 90' lang='lat' dir='ltr'><strong>em</strong></span> <span class='ocrx_word' id='word_1_200' title='bbox 248 2876 415 2931; x_wconf 88' lang='lat' dir='ltr'><strong>comparare</strong></span> <span class='ocrx_word' id='word_1_201' title='bbox 431 2857 539 2912; x_wconf 89' lang='lat' dir='ltr'><strong>classes</strong></span> <span class='ocrx_word' id='word_1_202' title='bbox 565 2858 765 2931; x_wconf 89' lang='lat' dir='ltr'><strong>pedestresque</strong></span> <span class='ocrx_word' id='word_1_203' title='bbox 791 2857 944 2923; x_wconf 87' lang='lat' dir='ltr'><strong>exercitus,</strong></span> <span class='ocrx_word' id='word_1_204' title='bbox 959 2875 1032 2930; x_wconf 86' lang='lat' dir='ltr'><strong>quos</strong></span> <span class='ocrx_word' id='word_1_205' title='bbox 1057 2854 1086 2911; x_wconf 89' lang='lat' dir='ltr'><strong>iu</strong></span> 
     </span>
    </p>

    <p class='ocr_par' dir='ltr' id='par_1_9' title="bbox 140 2933 1087 3164">
     <span class='ocr_line' id='line_1_28' title="bbox 140 2933 1087 3008; baseline -0.004 -16"><span class='ocrx_word' id='word_1_206' title='bbox 140 2940 159 2992; x_wconf 81' lang='lat'><strong>2</strong></span> <span class='ocrx_word' id='word_1_207' title='bbox 180 2934 325 2990; x_wconf 86' lang='lat' dir='ltr'><strong>Graeciam</strong></span> <span class='ocrx_word' id='word_1_208' title='bbox 341 2935 473 2989; x_wconf 88' lang='lat' dir='ltr'><strong>mitteret.</strong></span> <span class='ocrx_word' id='word_1_209' title='bbox 510 2933 585 2990; x_wconf 90' lang='lat' dir='ltr'><strong>Data</strong></span> <span class='ocrx_word' id='word_1_210' title='bbox 600 2945 745 3008; x_wconf 88' lang='lat' dir='ltr'><strong>potestate,</strong></span> <span class='ocrx_word' id='word_1_211' title='bbox 761 2943 839 2990; x_wconf 86' lang='lat' dir='ltr'><strong>tanta</strong></span> <span class='ocrx_word' id='word_1_212' title='bbox 854 2933 1001 2990; x_wconf 87' lang='lat' dir='ltr'><strong>celeritate</strong></span> <span class='ocrx_word' id='word_1_213' title='bbox 1017 2951 1087 2990; x_wconf 91' lang='lat' dir='ltr'><strong>usus</strong></span> 
     </span>
     <span class='ocr_line' id='line_1_29' title="bbox 179 3010 1086 3087; baseline -0.001 -20"><span class='ocrx_word' id='word_1_214' title='bbox 179 3022 230 3080; x_wconf 91' lang='lat' dir='ltr'><strong>est,</strong></span> <span class='ocrx_word' id='word_1_215' title='bbox 244 3021 274 3067; x_wconf 91' lang='lat' dir='ltr'><strong>ut</strong></span> <span class='ocrx_word' id='word_1_216' title='bbox 288 3013 367 3085; x_wconf 89' lang='lat' dir='ltr'><strong>prius</strong></span> <span class='ocrx_word' id='word_1_217' title='bbox 381 3013 410 3066; x_wconf 92' lang='lat' dir='ltr'><strong>in</strong></span> <span class='ocrx_word' id='word_1_218' title='bbox 426 3010 528 3066; x_wconf 90' lang='lat' dir='ltr'><strong>Asiam</strong></span> <span class='ocrx_word' id='word_1_219' title='bbox 545 3031 611 3068; x_wconf 89' lang='lat' dir='ltr'><strong>curn</strong></span> <span class='ocrx_word' id='word_1_220' title='bbox 623 3014 711 3087; x_wconf 92' lang='lat' dir='ltr'><strong>copiis</strong></span> <span class='ocrx_word' id='word_1_221' title='bbox 726 3013 898 3087; x_wconf 89' lang='lat' dir='ltr'><strong>pervenerit,</strong></span> <span class='ocrx_word' id='word_1_222' title='bbox 910 3030 998 3086; x_wconf 90' lang='lat' dir='ltr'><strong>quam</strong></span> <span class='ocrx_word' id='word_1_223' title='bbox 1013 3011 1086 3086; x_wconf 86' lang='lat' dir='ltr'><strong>regii</strong></span> 
     </span>
     <span class='ocr_line' id='line_1_30' title="bbox 179 3089 1086 3164; baseline -0.001 -18"><span class='ocrx_word' id='word_1_224' title='bbox 179 3100 301 3163; x_wconf 76' lang='lat' dir='ltr'><strong>satrapae</strong></span> <span class='ocrx_word' id='word_1_225' title='bbox 323 3107 390 3144; x_wconf 90' lang='lat' dir='ltr'><strong>eum</strong></span> <span class='ocrx_word' id='word_1_226' title='bbox 414 3090 521 3145; x_wconf 90' lang='lat' dir='ltr'><strong>scirent</strong></span> <span class='ocrx_word' id='word_1_227' title='bbox 545 3089 714 3164; x_wconf 84' lang='lat' dir='ltr'><strong>profectum.</strong></span> <span class='ocrx_word' id='word_1_228' title='bbox 757 3089 824 3154; x_wconf 79' lang='lat' dir='ltr'><strong>Quo</strong></span> <span class='ocrx_word' id='word_1_229' title='bbox 850 3089 1032 3158; x_wconf 83' lang='lat' dir='ltr'><strong>factumest,</strong></span> <span class='ocrx_word' id='word_1_230' title='bbox 1056 3097 1086 3145; x_wconf 94' lang='lat' dir='ltr'><strong>ut</strong></span> 
     </span>
    </p>

    <p class='ocr_par' dir='ltr' id='par_1_10' title="bbox 139 3167 1087 3556">
     <span class='ocr_line' id='line_1_31' title="bbox 139 3167 1087 3242; baseline -0.004 -15"><span class='ocrx_word' id='word_1_231' title='bbox 139 3174 277 3227; x_wconf 68' lang='lat' dir='ltr'><strong>Somnes</strong></span> <span class='ocrx_word' id='word_1_232' title='bbox 305 3168 459 3240; x_wconf 89' lang='lat' dir='ltr'><strong>imparatos</strong></span> <span class='ocrx_word' id='word_1_233' title='bbox 487 3168 738 3242; x_wconf 89' lang='lat' dir='ltr'><strong>imprudentesque</strong></span> <span class='ocrx_word' id='word_1_234' title='bbox 766 3168 932 3224; x_wconf 86' lang='lat' dir='ltr'><strong>offenderet.</strong></span> <span class='ocrx_word' id='word_1_235' title='bbox 990 3167 1021 3224; x_wconf 94' lang='lat' dir='ltr'><strong>ld</strong></span> <span class='ocrx_word' id='word_1_236' title='bbox 1057 3176 1087 3223; x_wconf 88' lang='lat' dir='ltr'><strong>ut</strong></span> 
     </span>
     <span class='ocr_line' id='line_1_32' title="bbox 179 3245 1084 3321; baseline -0.001 -20"><span class='ocrx_word' id='word_1_237' title='bbox 179 3246 312 3321; x_wconf 91' lang='lat' dir='ltr'><strong>cognovit</strong></span> <span class='ocrx_word' id='word_1_238' title='bbox 327 3245 547 3320; x_wconf 87' lang='lat' dir='ltr'><strong>Tissaphernes,</strong></span> <span class='ocrx_word' id='word_1_239' title='bbox 563 3248 612 3321; x_wconf 91' lang='lat' dir='ltr'><strong>qui</strong></span> <span class='ocrx_word' id='word_1_240' title='bbox 628 3266 774 3303; x_wconf 89' lang='lat' dir='ltr'><strong>summum</strong></span> <span class='ocrx_word' id='word_1_241' title='bbox 789 3247 943 3321; x_wconf 88' lang='lat' dir='ltr'><strong>imperium</strong></span> <span class='ocrx_word' id='word_1_242' title='bbox 959 3255 1020 3301; x_wconf 88' lang='lat' dir='ltr'><strong>turn</strong></span> <span class='ocrx_word' id='word_1_243' title='bbox 1044 3246 1084 3300; x_wconf 92' lang='lat' dir='ltr'><strong>in-</strong></span> 
     </span>
     <span class='ocr_line' id='line_1_33' title="bbox 177 3323 1085 3399; baseline -0.002 -19"><span class='ocrx_word' id='word_1_244' title='bbox 177 3333 223 3380; x_wconf 89' lang='lat' dir='ltr'><strong>ter</strong></span> <span class='ocrx_word' id='word_1_245' title='bbox 237 3323 386 3397; x_wconf 83' lang='lat' dir='ltr'><strong>praefectos</strong></span> <span class='ocrx_word' id='word_1_246' title='bbox 401 3325 523 3380; x_wconf 88' lang='lat' dir='ltr'><strong>hahebat</strong></span> <span class='ocrx_word' id='word_1_247' title='bbox 538 3326 641 3399; x_wconf 87' lang='lat' dir='ltr'><strong>regios,</strong></span> <span class='ocrx_word' id='word_1_248' title='bbox 657 3325 790 3381; x_wconf 90' lang='lat' dir='ltr'><strong>inducias</strong></span> <span class='ocrx_word' id='word_1_249' title='bbox 805 3344 822 3380; x_wconf 91' lang='lat' dir='ltr'><strong>a</strong></span> <span class='ocrx_word' id='word_1_250' title='bbox 844 3324 962 3382; x_wconf 87' lang='lat' dir='ltr'><strong>Lacone</strong></span> <span class='ocrx_word' id='word_1_251' title='bbox 977 3324 1085 3397; x_wconf 88' lang='lat' dir='ltr'><strong>petivit,</strong></span> 
     </span>
     <span class='ocr_line' id='line_1_34' title="bbox 178 3401 1085 3478; baseline -0.001 -19"><span class='ocrx_word' id='word_1_252' title='bbox 178 3402 327 3470; x_wconf 88' lang='lat' dir='ltr'><strong>simulans,</strong></span> <span class='ocrx_word' id='word_1_253' title='bbox 342 3421 373 3458; x_wconf 89' lang='lat' dir='ltr'><strong>se</strong></span> <span class='ocrx_word' id='word_1_254' title='bbox 398 3402 467 3458; x_wconf 91' lang='lat' dir='ltr'><strong>dere</strong></span> <span class='ocrx_word' id='word_1_255' title='bbox 488 3420 613 3477; x_wconf 92' lang='lat' dir='ltr'><strong>operam,</strong></span> <span class='ocrx_word' id='word_1_256' title='bbox 631 3413 661 3458; x_wconf 93' lang='lat' dir='ltr'><strong>ut</strong></span> <span class='ocrx_word' id='word_1_257' title='bbox 682 3401 911 3458; x_wconf 75' lang='lat' dir='ltr'><strong>Lacedaemoniis</strong></span> <span class='ocrx_word' id='word_1_258' title='bbox 933 3420 1001 3458; x_wconf 89' lang='lat' dir='ltr'><strong>cum</strong></span> <span class='ocrx_word' id='word_1_259' title='bbox 1016 3420 1085 3478; x_wconf 86' lang='lat' dir='ltr'><strong>rege</strong></span> 
     </span>
     <span class='ocr_line' id='line_1_35' title="bbox 178 3479 1085 3556; baseline -0.002 -19"><span class='ocrx_word' id='word_1_260' title='bbox 178 3481 362 3549; x_wconf 76' lang='lat' dir='ltr'><strong>conveniret,</strong></span> <span class='ocrx_word' id='word_1_261' title='bbox 396 3498 427 3536; x_wconf 88' lang='lat' dir='ltr'><strong>re</strong></span> <span class='ocrx_word' id='word_1_262' title='bbox 453 3491 550 3537; x_wconf 91' lang='lat' dir='ltr'><strong>autem</strong></span> <span class='ocrx_word' id='word_1_263' title='bbox 576 3498 644 3536; x_wconf 87' lang='lat' dir='ltr'><strong>vera</strong></span> <span class='ocrx_word' id='word_1_264' title='bbox 669 3480 704 3536; x_wconf 92' lang='lat' dir='ltr'><strong>ad</strong></span> <span class='ocrx_word' id='word_1_265' title='bbox 733 3482 829 3556; x_wconf 90' lang='lat' dir='ltr'><strong>copias</strong></span> <span class='ocrx_word' id='word_1_266' title='bbox 857 3479 1085 3554; x_wconf 89' lang='lat' dir='ltr'><strong>comparandas:</strong></span> 
     </span>
    </p>

    <p class='ocr_par' dir='ltr' id='par_1_11' title="bbox 138 3557 1085 3713">
     <span class='ocr_line' id='line_1_36' title="bbox 138 3557 1084 3634; baseline -0.003 -17"><span class='ocrx_word' id='word_1_267' title='bbox 138 3561 284 3634; x_wconf 73' lang='lat' dir='ltr'><strong>reasque</strong></span> <span class='ocrx_word' id='word_1_268' title='bbox 309 3559 473 3633; x_wconf 89' lang='lat' dir='ltr'><strong>impetravit</strong></span> <span class='ocrx_word' id='word_1_269' title='bbox 493 3558 661 3614; x_wconf 89' lang='lat' dir='ltr'><strong>trimestres.</strong></span> <span class='ocrx_word' id='word_1_270' title='bbox 703 3557 818 3616; x_wconf 92' lang='lat' dir='ltr'><strong>Juravit</strong></span> <span class='ocrx_word' id='word_1_271' title='bbox 839 3568 936 3614; x_wconf 89' lang='lat' dir='ltr'><strong>autem</strong></span> <span class='ocrx_word' id='word_1_272' title='bbox 952 3568 1084 3632; x_wconf 91' lang='lat' dir='ltr'><strong>uterque,</strong></span> 
     </span>
     <span class='ocr_line' id='line_1_37' title="bbox 176 3635 1085 3713; baseline -0.001 -18"><span class='ocrx_word' id='word_1_273' title='bbox 176 3656 209 3696; x_wconf 82' lang='lat' dir='ltr'><strong>se</strong></span> <span class='ocrx_word' id='word_1_274' title='bbox 223 3638 285 3695; x_wconf 87' lang='lat' dir='ltr'><strong>siue</strong></span> <span class='ocrx_word' id='word_1_275' title='bbox 299 3635 363 3694; x_wconf 91' lang='lat' dir='ltr'><strong>dolo</strong></span> <span class='ocrx_word' id='word_1_276' title='bbox 376 3636 508 3694; x_wconf 88' lang='lat' dir='ltr'><strong>inducias</strong></span> <span class='ocrx_word' id='word_1_277' title='bbox 522 3645 772 3693; x_wconf 87' lang='lat' dir='ltr'><strong>conservaturum.</strong></span> <span class='ocrx_word' id='word_1_278' title='bbox 814 3636 848 3694; x_wconf 89' lang='lat' dir='ltr'><strong>ln</strong></span> <span class='ocrx_word' id='word_1_279' title='bbox 872 3655 932 3712; x_wconf 89' lang='lat' dir='ltr'><strong>qua</strong></span> <span class='ocrx_word' id='word_1_280' title='bbox 952 3637 1085 3713; x_wconf 87' lang='lat' dir='ltr'><strong>pactione</strong></span> 
     </span>
    </p>
   </div>
   <div class='ocr_carea' id='block_1_4' title="bbox 0 0 1242 4080">
    <p class='ocr_par' dir='ltr' id='par_1_12' title="bbox 0 0 1242 4080">
     <span class='ocr_line' id='line_1_38' title="bbox 0 0 1242 4080; baseline 0 2"><span class='ocrx_word' id='word_1_281' title='bbox 0 0 1242 4080; x_wconf 95' lang='lat' dir='ltr'><strong> </strong></span> 
     </span>
    </p>
   </div>
  </div>
 </body>
</html>
