2474 4080
181 298 224 358 ao
404 290 479 369 vu,
514 297 542 367 1,
559 298 588 366 2,
605 296 635 352 a.
680 286 894 370 (Alcibiades.)

219 440 283 497 lene
297 439 424 496 consulit.
457 436 516 494 IX.
533 436 569 493 ln
580 435 680 492 Asiam
694 437 805 491 transit.
842 432 884 492 X.
900 435 936 493 ln
947 434 1079 513 Phrygia

217 517 390 597 interficitur.
431 515 485 573 XI
485 559 490 571 .
513 514 671 572 Alcibiadis
686 515 747 570 laus
761 525 788 570 et
801 515 974 591 vituperatio.

142 679 155 734 1
218 673 244 730 I.
278 673 453 741 Alcibiitdes,
479 673 580 729 Cliniae
607 672 691 736 filius,
713 670 909 726 Atheniensis.
961 670 996 727 In
1020 670 1078 728 hoe

178 764 288 818 natura,
311 753 377 825 quid
400 752 514 808 efficere
537 750 637 824 possit,
659 749 768 805 ridetur
791 761 916 823 experta.
958 750 1080 806 Constat

180 831 256 886 enim
285 831 358 886 inter
385 849 494 897 omneS,
523 829 571 901 qui
601 828 636 883 de
658 846 692 883 eo
717 829 860 882 memoriae
888 827 1080 902 prodiderunt,

180 908 251 964 nihil
274 910 323 965 illo
345 909 435 964 fuisse
458 908 655 972 excellentius,
678 907 724 961 vel
747 906 775 960 in
799 906 884 973 vitiis,
908 906 953 960 vel
974 907 1003 961 in
1024 907 1080 962 vir-

140 988 159 1040 2
180 988 293 1043 tutibus.
336 987 428 1042 Natus
450 986 479 1041 in
500 985 674 1058 amplissima
694 985 818 1050 civitate,
833 1002 942 1039 summo
963 1002 1080 1058 genere,

180 1067 303 1121 omnium
332 1066 422 1120 aetatis
451 1083 508 1118 sua
543 1063 629 1118 multo
656 1062 887 1130 formosissimus,
916 1062 952 1117 ad
979 1080 1080 1120 omnes

180 1162 226 1199 res
249 1157 338 1216 aptuS,
361 1142 528 1213 consiliique
550 1140 660 1214 plenus.
704 1140 835 1212 Namque
856 1141 1008 1214 imperator
1028 1140 1081 1197 fuit

181 1239 306 1277 summus
322 1230 350 1275 et
364 1221 436 1274 mari
451 1230 479 1274 et
493 1231 587 1284 terra3
609 1206 741 1285 disertus,
757 1231 783 1273 ut
799 1219 936 1292 imprimis
956 1219 1080 1276 dicendo

180 1299 297 1366 valeret,
319 1297 393 1370 quod
418 1308 494 1352 tanta
517 1308 576 1353 erat
599 1296 807 1352 commendatio
830 1298 886 1352 oris
911 1310 994 1369 atque
1015 1315 1077 1353 ora·

142 1377 275 1443 3,tionis,
296 1388 326 1430 ut
350 1394 434 1431 nemo
460 1376 486 1430 ei
512 1375 634 1431 dicendo
659 1385 757 1448 posset
780 1375 934 1442 resistere3
966 1375 1080 1445 deinde,

180 1468 265 1526 quum
293 1465 403 1527 tempus
432 1465 574 1527 posceret,
603 1453 769 1518 laboriosus,
795 1454 915 1526 patienS,
943 1453 1080 1523 liberalis,

183 1532 348 1605 splendidus
373 1551 430 1586 non
456 1533 546 1587 minus
572 1533 601 1586 in
622 1532 687 1597 vita,
709 1551 792 1604 quam
818 1532 914 1599 victu;
947 1532 1081 1601 affabilis,

142 1610 310 1678 4blandus,
345 1611 517 1684 temporibus
553 1609 739 1664 callidissime
774 1611 944 1665 inserviens.
989 1610 1080 1680 ldem,

182 1689 267 1743 simul
283 1708 315 1743 ac
331 1708 363 1744 se
378 1689 534 1755 remiserat,
548 1707 638 1759 neque
655 1707 743 1742 causa
758 1690 880 1754 suberat,
892 1707 976 1761 quare
992 1689 1082 1745 animi

182 1766 306 1822 laborem
334 1767 479 1842 perferret,
510 1767 680 1832 luxuriosus,
710 1767 873 1833 dissolutus,
903 1767 1082 1835 libidinosus,

182 1844 373 1918 intemperans
401 1846 601 1919 reperiebatur,
631 1857 660 1900 ut
687 1863 786 1900 omnes
815 1845 1026 1911 admirarentur,
1051 1846 1083 1902 in
1127 1899 1132 1905 .

182 1942 238 1979 uno
260 1924 374 1980 homine
396 1936 502 1979 tautam
525 1943 592 1995 esse
616 1923 885 1991 dissimilitudinem,
907 1935 1019 1996 tamque
1040 1923 1083 1980 di·

183 2021 294 2058 versam
308 2017 444 2058 naturam.

148 2145 152 2151 ἡ
223 2081 263 2136 ll.
294 2081 440 2136 Educatus
466 2090 510 2135 est
531 2081 558 2134 in
582 2080 663 2135 domo
687 2080 792 2134 Pericli
821 2080 978 2155 (privignus
1006 2081 1084 2137 enim

184 2160 245 2232 ejus
261 2159 350 2213 luisse
363 2158 488 2230 dicitur),
502 2158 626 2213 eruditus
639 2177 656 2212 a
670 2158 799 2212 Socrate.
838 2159 974 2213 Socerum
985 2157 1085 2215 habuit

184 2236 386 2309 Hipponicum,
402 2236 524 2289 omnium
542 2236 644 2290 Graeca
664 2236 758 2307 lingua
780 2237 952 2308 loquentium
973 2237 1083 2294 divitis·

184 2314 295 2379 simum,
323 2323 361 2379 ut,
391 2313 416 2367 si
444 2312 506 2386 ipse
535 2314 642 2386 fingere
664 2313 758 2380 vellet,
780 2333 871 2386 neque
901 2315 981 2388 plura
1008 2317 1084 2372 bona
1104 2286 1138 2349 ·

183 2391 340 2458 reminisci,
355 2409 446 2462 neque
466 2391 571 2465 majora
589 2401 687 2465 posset
706 2393 852 2464 consequi,
866 2412 948 2466 quam
962 2393 1008 2448 vel
1028 2394 1084 2451 sor·

184 2480 252 2524 tuna
266 2469 312 2524 vel
327 2481 426 2524 natura
440 2468 582 2524 tribuerat.

146 2551 160 2604 1
224 2547 280 2603 III.
304 2547 385 2603 Bello
401 2547 611 2621 Peloponnesio
625 2546 708 2622 hujus
725 2548 844 2604 consilio
859 2559 942 2622 atque
963 2550 1085 2606 auctori·

184 2635 240 2681 tate
266 2625 464 2683 Athenienses
487 2627 592 2683 bellum
617 2627 808 2702 Syracusanis
831 2624 1012 2686 indixerunt:
1047 2629 1084 2686 ad

184 2705 258 2777 qnod
282 2706 439 2779 gerendum
463 2706 526 2779 ipse
548 2706 604 2761 dux
625 2706 755 2761 delectus
777 2716 841 2772 est;
867 2705 922 2761 duo
946 2718 1085 2779 praeterea

144 2786 163 2839 2
186 2784 305 2858 collegae
328 2784 395 2847 dati.
417 2785 519 2840 Nicias
541 2795 569 2839 et
590 2784 763 2840 Lamiehus.
807 2784 840 2839 ld
858 2802 943 2856 quum
963 2804 1084 2859 appara·

184 2874 268 2930 retur,
289 2863 366 2935 prius
388 2881 470 2934 quam
493 2862 595 2917 classis
618 2864 717 2930 exiret,
737 2861 850 2928 accidit,
872 2858 905 2918 ul
920 2881 977 2918 una
999 2876 1084 2921 nocte
1163 2906 1171 2917 .

184 2956 283 2994 omnes
310 2939 436 3007 Hermia,
458 2939 505 3011 qui
533 2940 561 2993 in
585 2941 687 3013 oppido
714 2952 794 2996 erant
820 2939 950 3008 Athenis,
977 2941 1085 3015 dejice·

184 3027 288 3083 rentur,
316 3029 417 3089 prater
450 3034 545 3083 unum,
574 3018 621 3088 qui
656 3030 720 3073 ante
751 3019 868 3092 januam
898 3030 957 3074 erat
989 3020 1086 3077 Ando-

146 3098 163 3151 3
186 3093 268 3149 cidis.
319 3095 417 3166 Itaque
440 3094 489 3148 ille
513 3105 612 3167 postea
636 3095 797 3152 Mercurius
822 3097 986 3153 Andocides
1007 3101 1086 3156 voci-
1175 3111 1176 3114 ’

184 3183 258 3228 tatus
273 3183 326 3227 est.
370 3171 436 3226 Hoc
451 3191 535 3244 quum
556 3187 705 3246 appareret
727 3193 781 3229 non
805 3176 866 3230 siue
889 3195 993 3249 magua
1016 3180 1086 3235 nul-

184 3262 275 3306 torum
304 3251 494 3305 consensione
523 3270 589 3306 esse
615 3252 729 3319 luctum,
755 3254 827 3325 quod
852 3273 909 3308 non
935 3255 969 3309 ad
995 3257 1086 3329 priva·

184 3341 251 3393 tam,
277 3328 328 3383 sed
350 3328 385 3383 ad
405 3329 546 3402 publicam
567 3348 626 3385 rem
647 3331 809 3404 pertineret,
826 3351 944 3406 magnus
964 3336 1087 3392 multitu-

186 3407 245 3463 dini
260 3407 341 3461 timor
356 3417 400 3460 est
414 3407 545 3479 injectuS,
561 3426 666 3480 nequa
685 3410 834 3482 repentina
855 3411 898 3464 vis
920 3413 948 3466 in
971 3413 1086 3471 civitate

146 3485 347 3552 4exsisteret‚
379 3502 441 3556 quae
472 3485 629 3540 libertatem
655 3488 826 3560 opprimeret
854 3490 960 3562 populi.
1017 3491 1085 3550 Hoc

184 3563 310 3620 maxime
326 3563 478 3619 convenire
493 3564 522 3618 in
538 3564 717 3619 Alcibiadem
733 3564 888 3634 videbatur,
904 3567 978 3641 quod
994 3579 1022 3623 et
1036 3588 1087 3644 po·

185 3641 288 3698 tentior
302 3651 330 3697 et
343 3642 440 3716 major,
455 3659 541 3714 quarn
560 3642 697 3716 privatus,
712 3643 934 3702 existimabatur.
976 3646 1086 3707 Multos
1120 3676 1131 3693 τ
