2474 4080
357 226 400 288 II.
438 235 467 302 2,
484 234 513 289 3.
550 227 813 307 (Themistocles.)
1006 235 1044 292 15

146 372 287 429 serviens.
328 372 451 428 Multum
461 372 489 428 in
501 372 620 447 judiciis
634 373 751 447 privatis
762 374 928 431 versabatur
937 396 945 441 ;
966 392 1044 449 sape

145 450 176 507 in
191 451 362 506 concionem
381 451 479 523 populi
497 451 643 523 prodibat;
665 452 744 507 nulla
759 471 807 507 res
827 453 992 527 major-sine
1008 470 1044 509 eo

146 530 305 603 gerebatur,
337 529 536 601 celeriterque,
566 548 628 601 quae
655 547 727 603 opus
756 541 844 599 erant,
872 530 1043 605 reperiebat.

146 608 250 679 Neque
265 608 359 662 minus
374 607 402 660 in
417 607 502 661 rebus
524 608 659 680 gerendis
680 620 815 679 promtus,
829 627 913 681 quam
928 608 1043 683 excogi-
1064 612 1083 666 t

145 685 250 752 tendis,
265 696 334 751 erat,
348 684 423 755 quod
444 696 472 739 et
491 684 527 739 de
547 684 717 740 instantibus
733 688 775 759 (ut
789 686 829 741 ait
842 686 1043 761 Thucydides)

148 762 297 818 verissime
315 762 471 836 judicabat,
487 773 515 817 et
532 763 567 817 de
589 762 688 818 futuris
704 763 892 819 callidissime
908 765 1045 839 conjicie-

146 842 203 896 bat.
246 840 310 905 Que
325 840 430 895 sactum
445 850 498 907 est,
514 853 543 895 ut
557 841 636 895 brevi
651 852 778 914 tempore
793 842 990 897 illustraretur.

187 919 225 975 ll.
257 919 370 974 Primus
385 929 479 973 autem
493 918 597 992 gradum
611 917 664 973 fuit
678 919 864 992 capessendae
879 920 1044 993 reipublicae
1069 944 1081 977 t

146 997 223 1052 bello
247 997 415 1070 Corcyrae:
443 996 479 1052 ad
502 996 576 1069 quod
597 997 754 1071 gerendum
777 1008 879 1070 praetor
900 1016 917 1051 a
940 999 1045 1071 populo

146 1074 238 1130 factus
253 1092 308 1129 non
324 1075 416 1130 solum
430 1074 562 1148 prasenti
577 1074 663 1142 bello,
678 1074 731 1130 sed
750 1075 836 1130 etiam
851 1075 961 1149 reliquo
975 1088 1045 1132 tem·

146 1171 215 1226 pore
230 1152 401 1208 ferociorem
414 1151 538 1207 reddidit
551 1152 705 1208 civitatem.
731 1152 807 1209 Nam
821 1170 906 1226 quum
919 1154 1044 1229 pecunia
1064 1160 1083 1211 2

146 1230 270 1304 publiea,
293 1249 354 1303 quae
378 1249 415 1285 ex
435 1230 559 1285 metallis
582 1230 700 1299 redibat,
721 1230 872 1305 largitione
896 1232 1045 1305 magistra-

145 1320 224 1364 tuum
238 1308 387 1381 quotannis
402 1308 540 1376 interiret,
554 1309 603 1364 ille
618 1309 761 1382 persuasit
773 1309 887 1383 populo,
901 1320 932 1365 ut
946 1316 981 1365 ea
995 1328 1045 1382 pe·

147 1387 231 1442 cunia
243 1387 347 1442 classis
359 1397 475 1441 centum
487 1386 603 1441 navium
615 1386 811 1444 aedificaretur.
834 1387 899 1451 Qua
910 1388 1045 1443 celeriter
1065 1392 1082 1444 3

147 1464 260 1533 effecta,
271 1465 392 1539 primum
404 1465 573 1538 Corcyraeos
585 1464 678 1539 fregit,
690 1464 794 1521 deinde
805 1466 960 1521 maritimos
975 1484 1045 1539 prae·

147 1543 238 1599 dones
260 1543 454 1598 consectando
475 1561 553 1598 mare
575 1554 664 1598 tutum
686 1542 818 1599 reddidit.
859 1544 894 1599 In
912 1562 967 1617 quo
986 1556 1045 1599 tum

147 1620 256 1677 divitiis
267 1622 386 1690 ornavit,
397 1634 456 1676 tum
468 1620 554 1677 etiam
564 1620 755 1694 peritissimos
769 1622 839 1679 belli
850 1622 960 1678 navalis
975 1621 1044 1678 fecit

148 1698 353 1755 Athenienses.
395 1699 429 1755 Id
453 1710 563 1772 quantae
588 1700 673 1755 saluti
698 1699 782 1755 fuerit
804 1700 944 1755 universa
965 1700 1044 1756 Grae-
1064 1706 1083 1758 4

147 1777 209 1845 ciae,
224 1778 300 1833 bello
315 1778 460 1852 cognitum
475 1788 519 1833 est
542 1777 672 1844 Persico,
686 1796 772 1849 quum
794 1778 909 1833 Xerxes
927 1789 956 1833 et
973 1780 1044 1834 mari

147 1868 176 1911 et
195 1869 269 1911 terra
291 1856 398 1912 bellum
418 1855 558 1912 universae
579 1855 697 1911 inferret
718 1855 841 1930 Europae
862 1875 926 1910 curn
987 1882 1024 1921 431

145 1934 231 1989 tantis
247 1933 350 2007 copiis,
364 1945 483 2006 quantas
497 1952 592 2006 neque
608 1945 701 2001 antea,
716 1951 811 2005 neque
826 1947 927 2006 postea
964 1930 1047 1969 *⁰⁸¹-

146 2012 244 2068 habuit
257 2012 416 2085 quisquam.
458 2012 553 2086 Hujus
574 2012 651 2066 enim
670 2010 774 2067 classis
792 2011 872 2067 mille
892 2022 920 2066 et
938 2011 1044 2067 ducen-
1065 2013 1083 2065 5

145 2102 236 2146 tarum
250 2089 366 2146 navium
385 2091 534 2164 longarum
554 2090 615 2158 fuit,
629 2108 713 2164 quam
726 2088 783 2145 duo
802 2088 883 2145 milia
901 2090 1044 2145 oneraria-

145 2188 208 2225 rum
231 2170 440 2241 sequebantu13
474 2180 625 2224 terrestres
650 2178 745 2225 autem
768 2166 913 2225 exercitus
938 2169 1044 2243 septin-

147 2256 295 2320 gentorum
321 2245 431 2303 milium
461 2246 598 2320 peditum,
623 2245 748 2321 equiturn
774 2246 1045 2323 quadringentorum

147 2325 256 2382 milium
276 2323 398 2381 luerunt.
441 2326 531 2399 Cujus
545 2325 581 2381 de
596 2324 718 2381 adventu
732 2344 818 2399 quum
831 2324 907 2381 sama
919 2324 949 2381 in
965 2324 1044 2383 Grae·
1065 2330 1083 2383 6

142 2404 223 2459 ciam
233 2414 314 2459 esset
326 2403 445 2477 perlata,
456 2414 485 2459 et
499 2403 621 2459 maxime
633 2402 828 2460 Athenienses
841 2402 902 2477 peti
913 2402 1058 2478 dicereng

147 2492 192 2537 tur
212 2492 327 2555 propter
348 2498 473 2555 pugnam
495 2480 722 2537 Marathoniam:
752 2481 891 2537 miserunt
913 2480 1045 2557 Delphos

148 2558 318 2627 consultum,
328 2558 463 2631 quidnam
477 2558 606 2615 facerent
619 2557 655 2614 de
671 2559 756 2615 rebus
769 2557 841 2615 suis.
874 2558 1045 2615 Deliberan-

147 2636 224 2692 tibus
238 2636 344 2711 Pythia
357 2637 514 2711 respondit,
528 2647 558 2692 ut
571 2636 711 2692 moenibus
724 2635 831 2709 ligneis
845 2654 878 2690 se
892 2635 1044 2693 munirent.

149 2714 184 2770 Id
210 2730 379 2789 responsum
406 2734 461 2788 quo
488 2716 608 2782 valeret,
637 2732 723 2785 quum
748 2712 922 2786 intelligeret
950 2720 1084 2784 nemo‚'!

148 2790 362 2849 Themistocles
382 2793 533 2866 persuasit,
549 2792 701 2849 consilium
716 2808 784 2847 esse
797 2789 953 2865 Apollinis,
966 2800 997 2847 ut
1015 2791 1044 2848 in

148 2888 239 2927 naves
250 2888 283 2926 se
294 2889 402 2943 suaque
414 2871 593 2927 conferrent:
617 2888 683 2927 eum
696 2868 774 2925 enirn
787 2888 805 2925 a
818 2868 873 2926 deo
887 2868 1044 2945 significari

147 2965 258 3003 murum
272 2948 409 3023 ligneum.
431 2948 498 3004 Tali
513 2948 636 3005 consilio
649 2948 775 3022 probato,
790 2947 896 3004 addunt
909 2946 945 3005 nd
958 2966 1044 3022 supe·
1065 2953 1084 3005 8

148 3024 239 3081 rioms
249 3025 367 3081 totidem
378 3044 468 3082 naves
479 3026 620 3093 triremes,
631 3044 739 3098 suaque
750 3027 854 3095 omnia,
864 3042 926 3099 quta
936 3026 1045 3083 moveri

148 3114 288 3177 poterant,
309 3104 412 3177 partim
434 3104 589 3171 Salamina,
604 3101 706 3177 partim
722 3103 863 3159 Troezena
881 3114 1044 3177 asportant3

149 3200 246 3237 arcem
259 3182 457 3238 sacerdotibus
478 3180 635 3254 paucisque
654 3180 807 3255 maj0ribus
820 3190 898 3250 natu,
912 3199 946 3237 ac
960 3200 1045 3238 sacra

148 3256 328 3334 procuranda
341 3258 461 3327 tradunt,
475 3258 615 3332 reliquum
628 3258 764 3331 oppidum
776 3258 946 3331 relinquunt.

128 3342 131 3347 '
189 3335 246 3393 llI.
268 3336 363 3411 Hujus
373 3335 526 3392 consilium
536 3337 681 3409 plerisque
691 3334 853 3391 civitatibus
864 3334 1045 3409 displicebat,
1068 3342 1082 3395 l

149 3424 180 3471 et
189 3412 219 3470 in
229 3424 305 3471 terra
315 3414 445 3470 dimicari
456 3411 547 3487 magis
561 3412 703 3485 placebat.
737 3408 929 3483 Itaquemis'si
960 3450 1046 3492 wa,
1095 3449 1104 3463 .

149 3490 403 3548 euntdelecticum
412 3490 553 3559 Leonida,
563 3488 950 3562 Lacedoemoniommrege‚'
989 3500 1028 3539 teo

149 3568 415 3643 qui'Phermoleas
424 3576 608 3641 occuparent,
615 3564 785 3641 longiusque
794 3564 944 3620 barbaros·
965 3548 1050 3587 ''⁰“
