<?xml version="1.0" encoding="UTF-8"?>
<!DOCTYPE html PUBLIC "-//W3C//DTD XHTML 1.0 Transitional//EN"
    "http://www.w3.org/TR/xhtml1/DTD/xhtml1-transitional.dtd">
<html xmlns="http://www.w3.org/1999/xhtml" xml:lang="en" lang="en">
 <head>
  <title>
</title>
<meta http-equiv="Content-Type" content="text/html;charset=utf-8" />
  <meta name='ocr-system' content='tesseract 3.04.00' />
  <meta name='ocr-capabilities' content='ocr_page ocr_carea ocr_par ocr_line ocrx_word'/>
</head>
<body>
  <div class='ocr_page' id='page_1' title='image "./corneliusneposw00nepogoog_0091.png"; bbox 0 0 2474 4080; ppageno 0'>
   <div class='ocr_carea' id='block_1_1' title="bbox 185 298 885 383">
    <p class='ocr_par' dir='ltr' id='par_1_1' title="bbox 185 298 885 383">
     <span class='ocr_line' id='line_1_1' title="bbox 185 298 885 383; baseline -0.001 -19"><span class='ocrx_word' id='word_1_1' title='bbox 185 305 228 365; x_wconf 80' lang='grc'><strong>86</strong></span> <span class='ocrx_word' id='word_1_2' title='bbox 386 299 477 365; x_wconf 88' lang='lat' dir='ltr'><strong>XXI.</strong></span> <span class='ocrx_word' id='word_1_3' title='bbox 520 307 550 375; x_wconf 60' lang='grc' dir='ltr'><strong>ὓ,</strong></span> <span class='ocrx_word' id='word_1_4' title='bbox 565 307 596 365; x_wconf 81' lang='grc'><strong>3.</strong></span> <span class='ocrx_word' id='word_1_5' title='bbox 643 298 706 382; x_wconf 82' lang='lat' dir='ltr'><strong>(De</strong></span> <span class='ocrx_word' id='word_1_6' title='bbox 720 298 885 383; x_wconf 71' lang='lat' dir='ltr'><strong>Regibus.)</strong></span> 
     </span>
    </p>
   </div>
   <div class='ocr_carea' id='block_1_2' title="bbox 137 428 1087 3023">
    <p class='ocr_par' dir='ltr' id='par_1_2' title="bbox 143 428 1087 839">
     <span class='ocr_line' id='line_1_2' title="bbox 145 428 1087 528; baseline 0.002 -17"><span class='ocrx_word' id='word_1_7' title='bbox 145 457 161 511; x_wconf 93' lang='lat'>1</span> <span class='ocrx_word' id='word_1_8' title='bbox 222 451 260 509; x_wconf 95' lang='lat' dir='ltr'><strong>ll.</strong></span> <span class='ocrx_word' id='word_1_9' title='bbox 282 451 329 509; x_wconf 85' lang='lat' dir='ltr'><strong>Ex</strong></span> <span class='ocrx_word' id='word_1_10' title='bbox 346 451 537 510; x_wconf 79' lang='lat' dir='ltr'><strong>Macedonum</strong></span> <span class='ocrx_word' id='word_1_11' title='bbox 554 463 650 510; x_wconf 89' lang='lat' dir='ltr'><strong>autem</strong></span> <span class='ocrx_word' id='word_1_12' title='bbox 667 428 779 528; x_wconf 70' lang='lat' dir='ltr'><strong>genera</strong></span> <span class='ocrx_word' id='word_1_13' title='bbox 793 452 851 509; x_wconf 94' lang='lat' dir='ltr'><strong>duo</strong></span> <span class='ocrx_word' id='word_1_14' title='bbox 871 452 965 511; x_wconf 93' lang='lat' dir='ltr'><strong>multo</strong></span> <span class='ocrx_word' id='word_1_15' title='bbox 978 463 1087 513; x_wconf 86' lang='lat' dir='ltr'><strong>ceteros</strong></span> 
     </span>
     <span class='ocr_line' id='line_1_3' title="bbox 143 529 1085 609; baseline 0.003 -23"><span class='ocrx_word' id='word_1_16' title='bbox 143 574 145 579; x_wconf 90' lang='lat'><strong>.</strong></span> <span class='ocrx_word' id='word_1_17' title='bbox 183 540 399 587; x_wconf 87' lang='lat' dir='ltr'><strong>antecesserunt</strong></span> <span class='ocrx_word' id='word_1_18' title='bbox 409 549 508 589; x_wconf 88' lang='lat' dir='ltr'><strong>rerum</strong></span> <span class='ocrx_word' id='word_1_19' title='bbox 518 542 665 607; x_wconf 87' lang='lat' dir='ltr'><strong>gestarum</strong></span> <span class='ocrx_word' id='word_1_20' title='bbox 674 531 781 606; x_wconf 89' lang='lat' dir='ltr'><strong>gloria:</strong></span> <span class='ocrx_word' id='word_1_21' title='bbox 802 529 965 609; x_wconf 88' lang='lat' dir='ltr'><strong>Philippus,</strong></span> <span class='ocrx_word' id='word_1_22' title='bbox 975 532 1085 608; x_wconf 89' lang='lat' dir='ltr'><strong>Amyn-</strong></span> 
     </span>
     <span class='ocr_line' id='line_1_4' title="bbox 182 607 1085 685; baseline 0.006 -22"><span class='ocrx_word' id='word_1_23' title='bbox 182 618 219 664; x_wconf 84' lang='lat' dir='ltr'><strong>tae</strong></span> <span class='ocrx_word' id='word_1_24' title='bbox 232 607 319 678; x_wconf 91' lang='lat' dir='ltr'><strong>filius,</strong></span> <span class='ocrx_word' id='word_1_25' title='bbox 335 610 363 665; x_wconf 85' lang='lat' dir='ltr'><strong>et&#39;</strong></span> <span class='ocrx_word' id='word_1_26' title='bbox 378 609 546 666; x_wconf 81' lang='lat' dir='ltr'><strong>Alexander</strong></span> <span class='ocrx_word' id='word_1_27' title='bbox 560 607 695 684; x_wconf 88' lang='lat' dir='ltr'><strong>Magnus.</strong></span> <span class='ocrx_word' id='word_1_28' title='bbox 726 608 838 665; x_wconf 92' lang='lat' dir='ltr'><strong>Horum</strong></span> <span class='ocrx_word' id='word_1_29' title='bbox 850 608 925 667; x_wconf 88' lang='lat' dir='ltr'><strong>alter</strong></span> <span class='ocrx_word' id='word_1_30' title='bbox 938 608 1085 685; x_wconf 79' lang='lat' dir='ltr'><strong>Babylone</strong></span> 
     </span>
     <span class='ocr_line' id='line_1_5' title="bbox 182 686 1084 765; baseline 0.004 -24"><span class='ocrx_word' id='word_1_31' title='bbox 182 687 281 742; x_wconf 92' lang='lat' dir='ltr'><strong>morbo</strong></span> <span class='ocrx_word' id='word_1_32' title='bbox 309 699 476 743; x_wconf 83' lang='lat' dir='ltr'><strong>consumtus</strong></span> <span class='ocrx_word' id='word_1_33' title='bbox 504 698 566 758; x_wconf 85' lang='lat' dir='ltr'><strong>est3</strong></span> <span class='ocrx_word' id='word_1_34' title='bbox 600 686 749 765; x_wconf 81' lang='lat' dir='ltr'>Philippus</span> <span class='ocrx_word' id='word_1_35' title='bbox 774 686 859 761; x_wconf 79' lang='lat' dir='ltr'><strong>AEgis</strong></span> <span class='ocrx_word' id='word_1_36' title='bbox 886 705 905 743; x_wconf 91' lang='lat' dir='ltr'><strong>a</strong></span> <span class='ocrx_word' id='word_1_37' title='bbox 932 686 1084 757; x_wconf 78' lang='lat' dir='ltr'><strong>Pausania,</strong></span> 
     </span>
     <span class='ocr_line' id='line_1_6' title="bbox 182 764 1083 839; baseline 0.001 -19"><span class='ocrx_word' id='word_1_38' title='bbox 182 781 273 838; x_wconf 90' lang='lat' dir='ltr'><strong>quum</strong></span> <span class='ocrx_word' id='word_1_39' title='bbox 287 776 447 839; x_wconf 89' lang='lat' dir='ltr'><strong>spectatum</strong></span> <span class='ocrx_word' id='word_1_40' title='bbox 462 764 544 821; x_wconf 91' lang='lat' dir='ltr'><strong>ludos</strong></span> <span class='ocrx_word' id='word_1_41' title='bbox 558 765 621 832; x_wconf 91' lang='lat' dir='ltr'><strong>iret,</strong></span> <span class='ocrx_word' id='word_1_42' title='bbox 639 765 724 839; x_wconf 84' lang='lat' dir='ltr'><strong>juxta</strong></span> <span class='ocrx_word' id='word_1_43' title='bbox 746 765 891 821; x_wconf 83' lang='lat' dir='ltr'><strong>theatrum</strong></span> <span class='ocrx_word' id='word_1_44' title='bbox 904 766 1020 823; x_wconf 87' lang='lat' dir='ltr'><strong>occisus</strong></span> <span class='ocrx_word' id='word_1_45' title='bbox 1033 775 1083 823; x_wconf 84' lang='lat' dir='ltr'><strong>est.</strong></span> 
     </span>
    </p>

    <p class='ocr_par' dir='ltr' id='par_1_3' title="bbox 142 840 1084 1463">
     <span class='ocr_line' id='line_1_7' title="bbox 142 840 1083 918; baseline 0.002 -20"><span class='ocrx_word' id='word_1_46' title='bbox 142 846 162 898; x_wconf 78' lang='lat'><strong>2</strong></span> <span class='ocrx_word' id='word_1_47' title='bbox 182 840 266 898; x_wconf 90' lang='lat' dir='ltr'><strong>Unus</strong></span> <span class='ocrx_word' id='word_1_48' title='bbox 277 840 419 918; x_wconf 86' lang='lat' dir='ltr'><strong>Epirotes,</strong></span> <span class='ocrx_word' id='word_1_49' title='bbox 436 843 575 918; x_wconf 81' lang='lat' dir='ltr'><strong>Pyrrhus,</strong></span> <span class='ocrx_word' id='word_1_50' title='bbox 586 842 636 917; x_wconf 96' lang='lat' dir='ltr'><strong>qui</strong></span> <span class='ocrx_word' id='word_1_51' title='bbox 651 860 719 899; x_wconf 89' lang='lat' dir='ltr'><strong>cum</strong></span> <span class='ocrx_word' id='word_1_52' title='bbox 733 841 837 916; x_wconf 93' lang='lat' dir='ltr'><strong>populo</strong></span> <span class='ocrx_word' id='word_1_53' title='bbox 851 840 983 899; x_wconf 90' lang='lat' dir='ltr'><strong>Romano</strong></span> <span class='ocrx_word' id='word_1_54' title='bbox 999 843 1083 901; x_wconf 87' lang='lat' dir='ltr'><strong>balla-</strong></span> 
     </span>
     <span class='ocr_line' id='line_1_8' title="bbox 182 919 1083 996; baseline 0.002 -21"><span class='ocrx_word' id='word_1_55' title='bbox 182 920 232 975; x_wconf 89' lang='lat' dir='ltr'><strong>vit.</strong></span> <span class='ocrx_word' id='word_1_56' title='bbox 275 919 302 976; x_wconf 93' lang='lat' dir='ltr'><strong>ls</strong></span> <span class='ocrx_word' id='word_1_57' title='bbox 323 939 413 995; x_wconf 93' lang='lat' dir='ltr'><strong>quum</strong></span> <span class='ocrx_word' id='word_1_58' title='bbox 429 920 525 996; x_wconf 89' lang='lat' dir='ltr'><strong>Argos</strong></span> <span class='ocrx_word' id='word_1_59' title='bbox 545 920 679 995; x_wconf 90' lang='lat' dir='ltr'><strong>oppidum</strong></span> <span class='ocrx_word' id='word_1_60' title='bbox 694 929 872 994; x_wconf 88' lang='lat' dir='ltr'><strong>oppugnaret</strong></span> <span class='ocrx_word' id='word_1_61' title='bbox 897 921 927 975; x_wconf 91' lang='lat' dir='ltr'><strong>in</strong></span> <span class='ocrx_word' id='word_1_62' title='bbox 949 919 1083 995; x_wconf 89' lang='lat' dir='ltr'><strong>Pelopon·</strong></span> 
     </span>
     <span class='ocr_line' id='line_1_9' title="bbox 181 996 1084 1073; baseline 0 -20"><span class='ocrx_word' id='word_1_63' title='bbox 181 1016 259 1066; x_wconf 81' lang='lat' dir='ltr'><strong>naso,</strong></span> <span class='ocrx_word' id='word_1_64' title='bbox 284 998 378 1072; x_wconf 88' lang='lat' dir='ltr'><strong>lapide</strong></span> <span class='ocrx_word' id='word_1_65' title='bbox 393 999 469 1054; x_wconf 88' lang='lat' dir='ltr'><strong>ictus</strong></span> <span class='ocrx_word' id='word_1_66' title='bbox 490 999 607 1054; x_wconf 92' lang='lat' dir='ltr'><strong>interiit.</strong></span> <span class='ocrx_word' id='word_1_67' title='bbox 652 997 737 1054; x_wconf 91' lang='lat' dir='ltr'><strong>Unus</strong></span> <span class='ocrx_word' id='word_1_68' title='bbox 751 998 818 1053; x_wconf 90' lang='lat' dir='ltr'><strong>item</strong></span> <span class='ocrx_word' id='word_1_69' title='bbox 833 997 961 1066; x_wconf 78' lang='lat' dir='ltr'><strong>Siculae,</strong></span> <span class='ocrx_word' id='word_1_70' title='bbox 977 996 1084 1073; x_wconf 92' lang='lat' dir='ltr'><strong>Diony·</strong></span> 
     </span>
     <span class='ocr_line' id='line_1_10' title="bbox 181 1074 1082 1153; baseline 0.002 -22"><span class='ocrx_word' id='word_1_71' title='bbox 181 1077 242 1131; x_wconf 89' lang='lat' dir='ltr'><strong>sius</strong></span> <span class='ocrx_word' id='word_1_72' title='bbox 254 1077 338 1150; x_wconf 90' lang='lat' dir='ltr'><strong>prior.</strong></span> <span class='ocrx_word' id='word_1_73' title='bbox 381 1075 459 1131; x_wconf 92' lang='lat' dir='ltr'><strong>Nam</strong></span> <span class='ocrx_word' id='word_1_74' title='bbox 471 1087 499 1131; x_wconf 90' lang='lat' dir='ltr'><strong>et</strong></span> <span class='ocrx_word' id='word_1_75' title='bbox 513 1094 600 1132; x_wconf 91' lang='lat' dir='ltr'><strong>manu</strong></span> <span class='ocrx_word' id='word_1_76' title='bbox 616 1074 704 1144; x_wconf 89' lang='lat' dir='ltr'><strong>fortis,</strong></span> <span class='ocrx_word' id='word_1_77' title='bbox 720 1086 749 1132; x_wconf 92' lang='lat' dir='ltr'><strong>et</strong></span> <span class='ocrx_word' id='word_1_78' title='bbox 763 1075 831 1131; x_wconf 89' lang='lat' dir='ltr'><strong>belli</strong></span> <span class='ocrx_word' id='word_1_79' title='bbox 846 1076 956 1149; x_wconf 88' lang='lat' dir='ltr'><strong>peritus</strong></span> <span class='ocrx_word' id='word_1_80' title='bbox 971 1074 1033 1153; x_wconf 84' lang='lat' dir='ltr'><strong>suit,</strong></span> <span class='ocrx_word' id='word_1_81' title='bbox 1048 1086 1082 1145; x_wconf 91' lang='lat' dir='ltr'><strong>et,</strong></span> 
     </span>
     <span class='ocr_line' id='line_1_11' title="bbox 181 1152 1082 1231; baseline 0.003 -24"><span class='ocrx_word' id='word_1_82' title='bbox 181 1153 209 1207; x_wconf 93' lang='lat' dir='ltr'><strong>id</strong></span> <span class='ocrx_word' id='word_1_83' title='bbox 223 1152 297 1226; x_wconf 90' lang='lat' dir='ltr'><strong>quod</strong></span> <span class='ocrx_word' id='word_1_84' title='bbox 313 1153 342 1207; x_wconf 89' lang='lat' dir='ltr'><strong>in</strong></span> <span class='ocrx_word' id='word_1_85' title='bbox 363 1163 486 1226; x_wconf 90' lang='lat' dir='ltr'><strong>tyranno</strong></span> <span class='ocrx_word' id='word_1_86' title='bbox 501 1172 556 1210; x_wconf 90' lang='lat' dir='ltr'><strong>non</strong></span> <span class='ocrx_word' id='word_1_87' title='bbox 578 1153 664 1210; x_wconf 87' lang='lat' dir='ltr'><strong>facile</strong></span> <span class='ocrx_word' id='word_1_88' title='bbox 686 1154 835 1228; x_wconf 89' lang='lat' dir='ltr'><strong>reperitur,</strong></span> <span class='ocrx_word' id='word_1_89' title='bbox 851 1152 975 1231; x_wconf 87' lang='lat' dir='ltr'><strong>minime</strong></span> <span class='ocrx_word' id='word_1_90' title='bbox 993 1153 1082 1211; x_wconf 90' lang='lat' dir='ltr'><strong>libidi·</strong></span> 
     </span>
     <span class='ocr_line' id='line_1_12' title="bbox 181 1228 1083 1309; baseline 0.004 -25"><span class='ocrx_word' id='word_1_91' title='bbox 181 1248 275 1296; x_wconf 75' lang='lat' dir='ltr'><strong>nosue,</strong></span> <span class='ocrx_word' id='word_1_92' title='bbox 291 1249 347 1285; x_wconf 91' lang='lat' dir='ltr'><strong>non</strong></span> <span class='ocrx_word' id='word_1_93' title='bbox 372 1231 549 1299; x_wconf 90' lang='lat' dir='ltr'><strong>luxuriosus,</strong></span> <span class='ocrx_word' id='word_1_94' title='bbox 565 1250 621 1288; x_wconf 91' lang='lat' dir='ltr'><strong>non</strong></span> <span class='ocrx_word' id='word_1_95' title='bbox 643 1249 758 1299; x_wconf 83' lang='lat' dir='ltr'><strong>avarus,</strong></span> <span class='ocrx_word' id='word_1_96' title='bbox 774 1230 884 1309; x_wconf 88' lang='lat' dir='ltr'><strong>nullius</strong></span> <span class='ocrx_word' id='word_1_97' title='bbox 904 1228 1030 1305; x_wconf 86' lang='lat' dir='ltr'><strong>denique</strong></span> <span class='ocrx_word' id='word_1_98' title='bbox 1043 1232 1083 1288; x_wconf 87' lang='lat' dir='ltr'><strong>rei</strong></span> 
     </span>
     <span class='ocr_line' id='line_1_13' title="bbox 181 1304 1083 1385; baseline 0.006 -24"><span class='ocrx_word' id='word_1_99' title='bbox 181 1307 311 1381; x_wconf 87' lang='lat' dir='ltr'><strong>cupidus,</strong></span> <span class='ocrx_word' id='word_1_100' title='bbox 327 1309 382 1364; x_wconf 89' lang='lat' dir='ltr'><strong>nisi</strong></span> <span class='ocrx_word' id='word_1_101' title='bbox 404 1310 559 1385; x_wconf 88' lang='lat' dir='ltr'><strong>singularis</strong></span> <span class='ocrx_word' id='word_1_102' title='bbox 573 1310 761 1384; x_wconf 88' lang='lat' dir='ltr'><strong>perpetuique</strong></span> <span class='ocrx_word' id='word_1_103' title='bbox 775 1304 897 1382; x_wconf 90' lang='lat' dir='ltr'><strong>imperii,</strong></span> <span class='ocrx_word' id='word_1_104' title='bbox 912 1307 948 1364; x_wconf 94' lang='lat' dir='ltr'><strong>ob</strong></span> <span class='ocrx_word' id='word_1_105' title='bbox 962 1327 1083 1384; x_wconf 86' lang='lat' dir='ltr'><strong>eamque</strong></span> 
     </span>
     <span class='ocr_line' id='line_1_14' title="bbox 181 1385 1083 1463; baseline 0.006 -24"><span class='ocrx_word' id='word_1_106' title='bbox 181 1402 242 1439; x_wconf 89' lang='lat' dir='ltr'><strong>rem</strong></span> <span class='ocrx_word' id='word_1_107' title='bbox 267 1386 402 1443; x_wconf 85' lang='lat' dir='ltr'><strong>crudelis.</strong></span> <span class='ocrx_word' id='word_1_108' title='bbox 445 1387 523 1444; x_wconf 92' lang='lat' dir='ltr'><strong>Nam</strong></span> <span class='ocrx_word' id='word_1_109' title='bbox 548 1387 617 1443; x_wconf 93' lang='lat' dir='ltr'><strong>dum</strong></span> <span class='ocrx_word' id='word_1_110' title='bbox 641 1388 668 1443; x_wconf 94' lang='lat' dir='ltr'><strong>id</strong></span> <span class='ocrx_word' id='word_1_111' title='bbox 694 1386 803 1444; x_wconf 89' lang='lat' dir='ltr'><strong>studuit</strong></span> <span class='ocrx_word' id='word_1_112' title='bbox 827 1385 951 1463; x_wconf 76' lang='lat' dir='ltr'><strong>munire,</strong></span> <span class='ocrx_word' id='word_1_113' title='bbox 975 1386 1083 1444; x_wconf 90' lang='lat' dir='ltr'><strong>nullius</strong></span> 
     </span>
    </p>

    <p class='ocr_par' dir='ltr' id='par_1_4' title="bbox 142 1463 1083 1930">
     <span class='ocr_line' id='line_1_15' title="bbox 142 1463 1083 1540; baseline 0.001 -20"><span class='ocrx_word' id='word_1_114' title='bbox 142 1468 160 1520; x_wconf 84' lang='lat'><strong>3</strong></span> <span class='ocrx_word' id='word_1_115' title='bbox 182 1463 308 1536; x_wconf 90' lang='lat' dir='ltr'><strong>pepercit</strong></span> <span class='ocrx_word' id='word_1_116' title='bbox 330 1467 404 1533; x_wconf 86' lang='lat' dir='ltr'><strong>vitae,</strong></span> <span class='ocrx_word' id='word_1_117' title='bbox 429 1484 515 1540; x_wconf 90' lang='lat' dir='ltr'><strong>quem</strong></span> <span class='ocrx_word' id='word_1_118' title='bbox 540 1466 604 1540; x_wconf 88' lang='lat' dir='ltr'><strong>ejus</strong></span> <span class='ocrx_word' id='word_1_119' title='bbox 634 1465 828 1521; x_wconf 87' lang='lat' dir='ltr'><strong>insidiatorem</strong></span> <span class='ocrx_word' id='word_1_120' title='bbox 849 1472 973 1538; x_wconf 88' lang='lat' dir='ltr'><strong>putaret.</strong></span> <span class='ocrx_word' id='word_1_121' title='bbox 1009 1464 1083 1529; x_wconf 62' lang='lat' dir='ltr'><strong>,Hie</strong></span> 
     </span>
     <span class='ocr_line' id='line_1_16' title="bbox 181 1542 1082 1617; baseline 0.006 -22"><span class='ocrx_word' id='word_1_122' title='bbox 181 1559 271 1614; x_wconf 92' lang='lat' dir='ltr'><strong>quum</strong></span> <span class='ocrx_word' id='word_1_123' title='bbox 284 1542 388 1599; x_wconf 91' lang='lat' dir='ltr'><strong>virtute</strong></span> <span class='ocrx_word' id='word_1_124' title='bbox 403 1544 585 1617; x_wconf 88' lang='lat' dir='ltr'><strong>tyrannidem</strong></span> <span class='ocrx_word' id='word_1_125' title='bbox 600 1544 654 1599; x_wconf 88' lang='lat' dir='ltr'><strong>sibi</strong></span> <span class='ocrx_word' id='word_1_126' title='bbox 669 1542 834 1617; x_wconf 86' lang='lat' dir='ltr'><strong>peperisset,</strong></span> <span class='ocrx_word' id='word_1_127' title='bbox 845 1559 952 1617; x_wconf 90' lang='lat' dir='ltr'><strong>magna</strong></span> <span class='ocrx_word' id='word_1_128' title='bbox 967 1543 1082 1600; x_wconf 90' lang='lat' dir='ltr'><strong>retinuit</strong></span> 
     </span>
     <span class='ocr_line' id='line_1_17' title="bbox 181 1617 1081 1696; baseline 0.007 -23"><span class='ocrx_word' id='word_1_129' title='bbox 181 1617 326 1688; x_wconf 84' lang='lat' dir='ltr'><strong>felicitate,</strong></span> <span class='ocrx_word' id='word_1_130' title='bbox 343 1621 491 1696; x_wconf 89' lang='lat' dir='ltr'><strong>majorque</strong></span> <span class='ocrx_word' id='word_1_131' title='bbox 507 1641 595 1678; x_wconf 91' lang='lat' dir='ltr'><strong>annos</strong></span> <span class='ocrx_word' id='word_1_132' title='bbox 616 1621 770 1696; x_wconf 77' lang='lat' dir='ltr'><strong>sexaginta</strong></span> <span class='ocrx_word' id='word_1_133' title='bbox 790 1630 876 1674; x_wconf 88' lang='lat' dir='ltr'><strong>natus</strong></span> <span class='ocrx_word' id='word_1_134' title='bbox 897 1618 1022 1689; x_wconf 82' lang='lat' dir='ltr'><strong>decessit</strong></span> <span class='ocrx_word' id='word_1_135' title='bbox 1035 1622 1081 1678; x_wconf 88' lang='lat' dir='ltr'><strong>llo·</strong></span> 
     </span>
     <span class='ocr_line' id='line_1_18' title="bbox 181 1697 1082 1781; baseline 0.004 -30"><span class='ocrx_word' id='word_1_136' title='bbox 181 1707 260 1752; x_wconf 89' lang='lat' dir='ltr'><strong>rente</strong></span> <span class='ocrx_word' id='word_1_137' title='bbox 282 1715 380 1773; x_wconf 87' lang='lat' dir='ltr'><strong>regno.</strong></span> <span class='ocrx_word' id='word_1_138' title='bbox 422 1699 527 1774; x_wconf 90' lang='lat' dir='ltr'><strong>Neque</strong></span> <span class='ocrx_word' id='word_1_139' title='bbox 548 1701 578 1755; x_wconf 90' lang='lat' dir='ltr'><strong>in</strong></span> <span class='ocrx_word' id='word_1_140' title='bbox 600 1707 659 1754; x_wconf 88' lang='lat' dir='ltr'><strong>tam</strong></span> <span class='ocrx_word' id='word_1_141' title='bbox 684 1697 782 1754; x_wconf 91' lang='lat' dir='ltr'><strong>multis</strong></span> <span class='ocrx_word' id='word_1_142' title='bbox 804 1697 888 1753; x_wconf 87' lang='lat' dir='ltr'><strong>annis</strong></span> <span class='ocrx_word' id='word_1_143' title='bbox 909 1698 1082 1781; x_wconf 89' lang='lat' dir='ltr'><strong>cujusquam</strong></span> 
     </span>
     <span class='ocr_line' id='line_1_19' title="bbox 179 1775 1080 1852; baseline 0.007 -22"><span class='ocrx_word' id='word_1_144' title='bbox 179 1793 216 1830; x_wconf 91' lang='lat' dir='ltr'><strong>ex</strong></span> <span class='ocrx_word' id='word_1_145' title='bbox 230 1794 284 1831; x_wconf 88' lang='lat' dir='ltr'><strong>sua</strong></span> <span class='ocrx_word' id='word_1_146' title='bbox 298 1778 383 1852; x_wconf 81' lang='lat' dir='ltr'><strong>stirpe</strong></span> <span class='ocrx_word' id='word_1_147' title='bbox 403 1776 491 1834; x_wconf 81' lang='lat' dir='ltr'><strong>funus</strong></span> <span class='ocrx_word' id='word_1_148' title='bbox 506 1778 584 1845; x_wconf 84' lang='lat' dir='ltr'><strong>vidit,</strong></span> <span class='ocrx_word' id='word_1_149' title='bbox 600 1794 690 1851; x_wconf 92' lang='lat' dir='ltr'><strong>quum</strong></span> <span class='ocrx_word' id='word_1_150' title='bbox 705 1775 847 1832; x_wconf 87' lang='lat' dir='ltr'><strong>extribus</strong></span> <span class='ocrx_word' id='word_1_151' title='bbox 862 1777 1001 1835; x_wconf 89' lang='lat' dir='ltr'><strong>uxoribus</strong></span> <span class='ocrx_word' id='word_1_152' title='bbox 1013 1777 1080 1835; x_wconf 88' lang='lat' dir='ltr'><strong>libe·</strong></span> 
     </span>
     <span class='ocr_line' id='line_1_20' title="bbox 180 1854 953 1930; baseline 0.003 -22"><span class='ocrx_word' id='word_1_153' title='bbox 180 1872 226 1910; x_wconf 91' lang='lat' dir='ltr'><strong>ros</strong></span> <span class='ocrx_word' id='word_1_154' title='bbox 241 1866 428 1929; x_wconf 87' lang='lat' dir='ltr'><strong>procreasset,</strong></span> <span class='ocrx_word' id='word_1_155' title='bbox 444 1857 585 1930; x_wconf 89' lang='lat' dir='ltr'><strong>multique</strong></span> <span class='ocrx_word' id='word_1_156' title='bbox 600 1855 627 1911; x_wconf 91' lang='lat' dir='ltr'><strong>ei</strong></span> <span class='ocrx_word' id='word_1_157' title='bbox 642 1854 700 1910; x_wconf 90' lang='lat' dir='ltr'><strong>nati</strong></span> <span class='ocrx_word' id='word_1_158' title='bbox 717 1862 812 1910; x_wconf 86' lang='lat' dir='ltr'><strong>essent</strong></span> <span class='ocrx_word' id='word_1_159' title='bbox 826 1863 953 1928; x_wconf 87' lang='lat' dir='ltr'><strong>nepotes.</strong></span> 
     </span>
    </p>

    <p class='ocr_par' dir='ltr' id='par_1_5' title="bbox 142 1932 1080 2164">
     <span class='ocr_line' id='line_1_21' title="bbox 142 1932 1079 2009; baseline 0 -19"><span class='ocrx_word' id='word_1_160' title='bbox 142 1937 157 1990; x_wconf 95' lang='lat'>1</span> <span class='ocrx_word' id='word_1_161' title='bbox 219 1932 271 1990; x_wconf 94' lang='lat' dir='ltr'><strong>Ill.</strong></span> <span class='ocrx_word' id='word_1_162' title='bbox 295 1933 427 1991; x_wconf 89' lang='lat' dir='ltr'><strong>Fuerunt</strong></span> <span class='ocrx_word' id='word_1_163' title='bbox 441 1945 580 2009; x_wconf 76' lang='lat' dir='ltr'><strong>praeterea</strong></span> <span class='ocrx_word' id='word_1_164' title='bbox 592 1933 675 1988; x_wconf 92' lang='lat' dir='ltr'><strong>multi</strong></span> <span class='ocrx_word' id='word_1_165' title='bbox 691 1950 774 2008; x_wconf 88' lang='lat' dir='ltr'><strong>reges</strong></span> <span class='ocrx_word' id='word_1_166' title='bbox 788 1950 824 1988; x_wconf 88' lang='lat' dir='ltr'><strong>ex</strong></span> <span class='ocrx_word' id='word_1_167' title='bbox 834 1932 937 1989; x_wconf 89' lang='lat' dir='ltr'><strong>amicis</strong></span> <span class='ocrx_word' id='word_1_168' title='bbox 952 1932 1079 1990; x_wconf 89' lang='lat' dir='ltr'><strong>Alexan-</strong></span> 
     </span>
     <span class='ocr_line' id='line_1_22' title="bbox 179 2010 1080 2087; baseline 0.004 -22"><span class='ocrx_word' id='word_1_169' title='bbox 179 2010 223 2067; x_wconf 86' lang='lat' dir='ltr'><strong>dri</strong></span> <span class='ocrx_word' id='word_1_170' title='bbox 250 2011 358 2087; x_wconf 85' lang='lat' dir='ltr'><strong>Magni,</strong></span> <span class='ocrx_word' id='word_1_171' title='bbox 373 2014 423 2086; x_wconf 91' lang='lat' dir='ltr'><strong>qui</strong></span> <span class='ocrx_word' id='word_1_172' title='bbox 448 2022 508 2087; x_wconf 89' lang='lat' dir='ltr'><strong>post</strong></span> <span class='ocrx_word' id='word_1_173' title='bbox 532 2013 639 2068; x_wconf 92' lang='lat' dir='ltr'><strong>obitum</strong></span> <span class='ocrx_word' id='word_1_174' title='bbox 661 2011 724 2085; x_wconf 89' lang='lat' dir='ltr'><strong>ejus</strong></span> <span class='ocrx_word' id='word_1_175' title='bbox 738 2010 859 2084; x_wconf 90' lang='lat' dir='ltr'><strong>imperia</strong></span> <span class='ocrx_word' id='word_1_176' title='bbox 873 2021 1030 2086; x_wconf 88' lang='lat' dir='ltr'><strong>ceperunt:</strong></span> <span class='ocrx_word' id='word_1_177' title='bbox 1051 2012 1080 2069; x_wconf 90' lang='lat' dir='ltr'><strong>in</strong></span> 
     </span>
     <span class='ocr_line' id='line_1_23' title="bbox 179 2086 1078 2164; baseline 0.003 -20"><span class='ocrx_word' id='word_1_178' title='bbox 179 2089 223 2144; x_wconf 90' lang='lat' dir='ltr'><strong>his</strong></span> <span class='ocrx_word' id='word_1_179' title='bbox 239 2091 412 2164; x_wconf 87' lang='lat' dir='ltr'><strong>Antigonus,</strong></span> <span class='ocrx_word' id='word_1_180' title='bbox 429 2101 457 2147; x_wconf 89' lang='lat' dir='ltr'><strong>et</strong></span> <span class='ocrx_word' id='word_1_181' title='bbox 478 2090 565 2164; x_wconf 84' lang='lat' dir='ltr'><strong>hujus</strong></span> <span class='ocrx_word' id='word_1_182' title='bbox 586 2090 664 2146; x_wconf 89' lang='lat' dir='ltr'><strong>filius</strong></span> <span class='ocrx_word' id='word_1_183' title='bbox 684 2087 860 2156; x_wconf 89' lang='lat' dir='ltr'><strong>Demetrius,</strong></span> <span class='ocrx_word' id='word_1_184' title='bbox 876 2086 1078 2162; x_wconf 86' lang='lat' dir='ltr'><strong>Lysimachus,</strong></span> 
     </span>
    </p>

    <p class='ocr_par' dir='ltr' id='par_1_6' title="bbox 139 2166 1078 2478">
     <span class='ocr_line' id='line_1_24' title="bbox 139 2166 1078 2243; baseline 0.002 -21"><span class='ocrx_word' id='word_1_185' title='bbox 139 2171 158 2222; x_wconf 83' lang='lat'>2</span> <span class='ocrx_word' id='word_1_186' title='bbox 180 2166 331 2233; x_wconf 87' lang='lat' dir='ltr'><strong>Seleucus,</strong></span> <span class='ocrx_word' id='word_1_187' title='bbox 357 2166 536 2224; x_wconf 88' lang='lat' dir='ltr'><strong>Ptolemaeus.</strong></span> <span class='ocrx_word' id='word_1_188' title='bbox 587 2167 633 2223; x_wconf 89' lang='lat' dir='ltr'><strong>Ex</strong></span> <span class='ocrx_word' id='word_1_189' title='bbox 659 2168 703 2223; x_wconf 89' lang='lat' dir='ltr'><strong>his</strong></span> <span class='ocrx_word' id='word_1_190' title='bbox 728 2167 893 2240; x_wconf 89' lang='lat' dir='ltr'><strong>Antigonus</strong></span> <span class='ocrx_word' id='word_1_191' title='bbox 916 2167 945 2222; x_wconf 91' lang='lat' dir='ltr'><strong>in</strong></span> <span class='ocrx_word' id='word_1_192' title='bbox 971 2168 1078 2243; x_wconf 87' lang='lat' dir='ltr'><strong>proelio,</strong></span> 
     </span>
     <span class='ocr_line' id='line_1_25' title="bbox 178 2243 1078 2318; baseline 0.006 -21"><span class='ocrx_word' id='word_1_193' title='bbox 178 2262 269 2317; x_wconf 90' lang='lat' dir='ltr'><strong>quum</strong></span> <span class='ocrx_word' id='word_1_194' title='bbox 294 2243 432 2299; x_wconf 89' lang='lat' dir='ltr'><strong>adversus</strong></span> <span class='ocrx_word' id='word_1_195' title='bbox 455 2245 612 2301; x_wconf 86' lang='lat' dir='ltr'><strong>Seleucum</strong></span> <span class='ocrx_word' id='word_1_196' title='bbox 633 2243 902 2318; x_wconf 87' lang='lat' dir='ltr'><strong>Lysimachumque</strong></span> <span class='ocrx_word' id='word_1_197' title='bbox 922 2245 1078 2315; x_wconf 87' lang='lat' dir='ltr'><strong>dimicaret,</strong></span> 
     </span>
     <span class='ocr_line' id='line_1_26' title="bbox 177 2320 1078 2395; baseline 0.006 -19"><span class='ocrx_word' id='word_1_198' title='bbox 177 2322 291 2378; x_wconf 87' lang='lat' dir='ltr'><strong>occisus</strong></span> <span class='ocrx_word' id='word_1_199' title='bbox 316 2331 368 2376; x_wconf 89' lang='lat' dir='ltr'><strong>est.</strong></span> <span class='ocrx_word' id='word_1_200' title='bbox 412 2322 476 2377; x_wconf 92' lang='lat' dir='ltr'><strong>Pari</strong></span> <span class='ocrx_word' id='word_1_201' title='bbox 502 2322 558 2379; x_wconf 91' lang='lat' dir='ltr'><strong>leto</strong></span> <span class='ocrx_word' id='word_1_202' title='bbox 573 2323 694 2380; x_wconf 87' lang='lat' dir='ltr'><strong>affectus</strong></span> <span class='ocrx_word' id='word_1_203' title='bbox 709 2333 751 2379; x_wconf 92' lang='lat' dir='ltr'><strong>est</strong></span> <span class='ocrx_word' id='word_1_204' title='bbox 774 2320 972 2395; x_wconf 89' lang='lat' dir='ltr'><strong>Lysimachus</strong></span> <span class='ocrx_word' id='word_1_205' title='bbox 992 2344 1010 2381; x_wconf 90' lang='lat' dir='ltr'><strong>a</strong></span> <span class='ocrx_word' id='word_1_206' title='bbox 1031 2324 1078 2380; x_wconf 87' lang='lat' dir='ltr'><strong>Se-</strong></span> 
     </span>
     <span class='ocr_line' id='line_1_27' title="bbox 178 2399 1078 2478; baseline 0.007 -25"><span class='ocrx_word' id='word_1_207' title='bbox 178 2399 271 2454; x_wconf 86' lang='lat' dir='ltr'><strong>leuco.</strong></span> <span class='ocrx_word' id='word_1_208' title='bbox 314 2400 401 2467; x_wconf 89' lang='lat' dir='ltr'><strong>Nam‚</strong></span> <span class='ocrx_word' id='word_1_209' title='bbox 417 2401 552 2457; x_wconf 85' lang='lat' dir='ltr'><strong>societate</strong></span> <span class='ocrx_word' id='word_1_210' title='bbox 577 2401 723 2469; x_wconf 88' lang='lat' dir='ltr'><strong>dissoluta,</strong></span> <span class='ocrx_word' id='word_1_211' title='bbox 740 2401 848 2456; x_wconf 91' lang='lat' dir='ltr'><strong>bellum</strong></span> <span class='ocrx_word' id='word_1_212' title='bbox 870 2402 945 2457; x_wconf 91' lang='lat' dir='ltr'><strong>inter</strong></span> <span class='ocrx_word' id='word_1_213' title='bbox 965 2422 996 2459; x_wconf 90' lang='lat' dir='ltr'><strong>se</strong></span> <span class='ocrx_word' id='word_1_214' title='bbox 1018 2422 1078 2478; x_wconf 91' lang='lat' dir='ltr'><strong>ges-</strong></span> 
     </span>
    </p>

    <p class='ocr_par' dir='ltr' id='par_1_7' title="bbox 139 2477 1079 2712">
     <span class='ocr_line' id='line_1_28' title="bbox 139 2477 1079 2554; baseline 0.004 -22"><span class='ocrx_word' id='word_1_215' title='bbox 139 2480 157 2532; x_wconf 84' lang='lat'><strong>3</strong></span> <span class='ocrx_word' id='word_1_216' title='bbox 177 2486 286 2533; x_wconf 89' lang='lat' dir='ltr'><strong>serunt.</strong></span> <span class='ocrx_word' id='word_1_217' title='bbox 328 2480 370 2535; x_wconf 92' lang='lat' dir='ltr'><strong>At</strong></span> <span class='ocrx_word' id='word_1_218' title='bbox 390 2477 564 2548; x_wconf 90' lang='lat' dir='ltr'><strong>Demetrius,</strong></span> <span class='ocrx_word' id='word_1_219' title='bbox 580 2498 671 2554; x_wconf 92' lang='lat' dir='ltr'><strong>quum</strong></span> <span class='ocrx_word' id='word_1_220' title='bbox 691 2480 781 2535; x_wconf 89' lang='lat' dir='ltr'><strong>filiam</strong></span> <span class='ocrx_word' id='word_1_221' title='bbox 803 2497 886 2534; x_wconf 89' lang='lat' dir='ltr'><strong>suam</strong></span> <span class='ocrx_word' id='word_1_222' title='bbox 908 2479 1033 2538; x_wconf 87' lang='lat' dir='ltr'><strong>Seleuco</strong></span> <span class='ocrx_word' id='word_1_223' title='bbox 1049 2481 1079 2536; x_wconf 91' lang='lat' dir='ltr'><strong>in</strong></span> 
     </span>
     <span class='ocr_line' id='line_1_29' title="bbox 177 2556 1079 2633; baseline 0.008 -24"><span class='ocrx_word' id='word_1_224' title='bbox 177 2556 390 2613; x_wconf 91' lang='lat' dir='ltr'><strong>matrimonium</strong></span> <span class='ocrx_word' id='word_1_225' title='bbox 412 2557 543 2627; x_wconf 89' lang='lat' dir='ltr'><strong>dedisset,</strong></span> <span class='ocrx_word' id='word_1_226' title='bbox 566 2577 659 2633; x_wconf 93' lang='lat' dir='ltr'><strong>neque</strong></span> <span class='ocrx_word' id='word_1_227' title='bbox 682 2577 716 2614; x_wconf 92' lang='lat' dir='ltr'><strong>eo</strong></span> <span class='ocrx_word' id='word_1_228' title='bbox 739 2558 832 2632; x_wconf 90' lang='lat' dir='ltr'><strong>magis</strong></span> <span class='ocrx_word' id='word_1_229' title='bbox 854 2557 912 2613; x_wconf 90' lang='lat' dir='ltr'><strong>fida</strong></span> <span class='ocrx_word' id='word_1_230' title='bbox 936 2558 1009 2615; x_wconf 90' lang='lat' dir='ltr'><strong>inter</strong></span> <span class='ocrx_word' id='word_1_231' title='bbox 1033 2577 1079 2616; x_wconf 86' lang='lat' dir='ltr'><strong>eos</strong></span> 
     </span>
     <span class='ocr_line' id='line_1_30' title="bbox 178 2634 1078 2712; baseline 0.008 -24"><span class='ocrx_word' id='word_1_232' title='bbox 178 2634 306 2693; x_wconf 88' lang='lat' dir='ltr'><strong>amicitia</strong></span> <span class='ocrx_word' id='word_1_233' title='bbox 320 2656 437 2694; x_wconf 89' lang='lat' dir='ltr'><strong>manere</strong></span> <span class='ocrx_word' id='word_1_234' title='bbox 453 2638 598 2711; x_wconf 89' lang='lat' dir='ltr'><strong>potuisset,</strong></span> <span class='ocrx_word' id='word_1_235' title='bbox 621 2646 722 2712; x_wconf 85' lang='lat' dir='ltr'><strong>captus</strong></span> <span class='ocrx_word' id='word_1_236' title='bbox 743 2635 826 2703; x_wconf 92' lang='lat' dir='ltr'><strong>bello,</strong></span> <span class='ocrx_word' id='word_1_237' title='bbox 850 2635 879 2690; x_wconf 92' lang='lat' dir='ltr'><strong>in</strong></span> <span class='ocrx_word' id='word_1_238' title='bbox 894 2636 1025 2694; x_wconf 86' lang='lat' dir='ltr'><strong>custodia</strong></span> <span class='ocrx_word' id='word_1_239' title='bbox 1038 2656 1078 2695; x_wconf 79' lang='lat' dir='ltr'><strong>so·</strong></span> 
     </span>
    </p>

    <p class='ocr_par' dir='ltr' id='par_1_8' title="bbox 137 2712 1080 3023">
     <span class='ocr_line' id='line_1_31' title="bbox 137 2712 1078 2791; baseline 0.003 -23"><span class='ocrx_word' id='word_1_240' title='bbox 137 2715 156 2768; x_wconf 87' lang='lat'>4</span> <span class='ocrx_word' id='word_1_241' title='bbox 177 2731 228 2768; x_wconf 89' lang='lat' dir='ltr'><strong>cer</strong></span> <span class='ocrx_word' id='word_1_242' title='bbox 247 2717 347 2789; x_wconf 88' lang='lat' dir='ltr'><strong>generi</strong></span> <span class='ocrx_word' id='word_1_243' title='bbox 370 2717 453 2791; x_wconf 91' lang='lat' dir='ltr'><strong>periit</strong></span> <span class='ocrx_word' id='word_1_244' title='bbox 475 2716 613 2772; x_wconf 92' lang='lat' dir='ltr'><strong>amorbo.</strong></span> <span class='ocrx_word' id='word_1_245' title='bbox 656 2714 761 2788; x_wconf 89' lang='lat' dir='ltr'><strong>Neque</strong></span> <span class='ocrx_word' id='word_1_246' title='bbox 785 2713 826 2769; x_wconf 89' lang='lat' dir='ltr'><strong>ita</strong></span> <span class='ocrx_word' id='word_1_247' title='bbox 840 2712 932 2769; x_wconf 89' lang='lat' dir='ltr'><strong>multo</strong></span> <span class='ocrx_word' id='word_1_248' title='bbox 947 2724 1009 2789; x_wconf 89' lang='lat' dir='ltr'><strong>post</strong></span> <span class='ocrx_word' id='word_1_249' title='bbox 1030 2715 1078 2771; x_wconf 87' lang='lat' dir='ltr'><strong>Se-</strong></span> 
     </span>
     <span class='ocr_line' id='line_1_32' title="bbox 176 2789 1079 2871; baseline 0.002 -24"><span class='ocrx_word' id='word_1_250' title='bbox 176 2791 279 2849; x_wconf 91' lang='lat' dir='ltr'><strong>leucus</strong></span> <span class='ocrx_word' id='word_1_251' title='bbox 294 2814 311 2851; x_wconf 90' lang='lat' dir='ltr'><strong>a</strong></span> <span class='ocrx_word' id='word_1_252' title='bbox 326 2794 478 2852; x_wconf 88' lang='lat' dir='ltr'><strong>Ptolemaeo</strong></span> <span class='ocrx_word' id='word_1_253' title='bbox 488 2793 625 2869; x_wconf 28' lang='lat' dir='ltr'><strong>,Cerauno</strong></span> <span class='ocrx_word' id='word_1_254' title='bbox 640 2792 704 2866; x_wconf 88' lang='lat' dir='ltr'><strong>dolo</strong></span> <span class='ocrx_word' id='word_1_255' title='bbox 726 2789 895 2847; x_wconf 80' lang='lat' dir='ltr'><strong>interfectus</strong></span> <span class='ocrx_word' id='word_1_256' title='bbox 909 2800 953 2847; x_wconf 88' lang='lat' dir='ltr'><strong>est</strong></span> <span class='ocrx_word' id='word_1_257' title='bbox 962 2811 971 2863; x_wconf 91' lang='lat'>;</span> <span class='ocrx_word' id='word_1_258' title='bbox 994 2811 1079 2871; x_wconf 80' lang='lat' dir='ltr'><strong>quem</strong></span> 
     </span>
     <span class='ocr_line' id='line_1_33' title="bbox 177 2869 1078 2945; baseline 0.004 -21"><span class='ocrx_word' id='word_1_259' title='bbox 177 2870 226 2926; x_wconf 89' lang='lat' dir='ltr'><strong>ille</strong></span> <span class='ocrx_word' id='word_1_260' title='bbox 241 2889 258 2926; x_wconf 88' lang='lat' dir='ltr'><strong>a</strong></span> <span class='ocrx_word' id='word_1_261' title='bbox 279 2882 358 2945; x_wconf 90' lang='lat' dir='ltr'><strong>patre</strong></span> <span class='ocrx_word' id='word_1_262' title='bbox 373 2873 528 2945; x_wconf 90' lang='lat' dir='ltr'><strong>expulsum</strong></span> <span class='ocrx_word' id='word_1_263' title='bbox 542 2870 740 2938; x_wconf 84' lang='lat' dir='ltr'><strong>Alexandrea,</strong></span> <span class='ocrx_word' id='word_1_264' title='bbox 756 2869 918 2926; x_wconf 88' lang='lat' dir='ltr'><strong>alienarum</strong></span> <span class='ocrx_word' id='word_1_265' title='bbox 931 2889 1019 2945; x_wconf 88' lang='lat' dir='ltr'><strong>opum</strong></span> <span class='ocrx_word' id='word_1_266' title='bbox 1038 2871 1078 2927; x_wconf 85' lang='lat' dir='ltr'><strong>in-</strong></span> 
     </span>
     <span class='ocr_line' id='line_1_34' title="bbox 177 2943 1080 3023; baseline 0.003 -22"><span class='ocrx_word' id='word_1_267' title='bbox 177 2945 331 3021; x_wconf 88' lang='lat' dir='ltr'><strong>digentem,</strong></span> <span class='ocrx_word' id='word_1_268' title='bbox 356 2958 515 3023; x_wconf 84' lang='lat' dir='ltr'><strong>receperat.</strong></span> <span class='ocrx_word' id='word_1_269' title='bbox 571 2947 635 3022; x_wconf 92' lang='lat' dir='ltr'><strong>lpse</strong></span> <span class='ocrx_word' id='word_1_270' title='bbox 660 2958 756 3005; x_wconf 89' lang='lat' dir='ltr'><strong>autem</strong></span> <span class='ocrx_word' id='word_1_271' title='bbox 781 2947 962 3016; x_wconf 86' lang='lat' dir='ltr'><strong>Ptolemaeus,</strong></span> <span class='ocrx_word' id='word_1_272' title='bbox 984 2943 1080 3023; x_wconf 79' lang='lat' dir='ltr'><strong>¹quum</strong></span> 
     </span>
    </p>
   </div>
   <div class='ocr_carea' id='block_1_3' title="bbox 137 3018 1159 3414">
    <p class='ocr_par' dir='ltr' id='par_1_9' title="bbox 177 3018 1159 3105">
     <span class='ocr_line' id='line_1_35' title="bbox 177 3018 1159 3105; baseline 0.005 -27"><span class='ocrx_word' id='word_1_273' title='bbox 177 3023 261 3091; x_wconf 85' lang='lat' dir='ltr'><strong>vivus</strong></span> <span class='ocrx_word' id='word_1_274' title='bbox 275 3018 334 3080; x_wconf 90' lang='lat' dir='ltr'><strong>filio</strong></span> <span class='ocrx_word' id='word_1_275' title='bbox 348 3042 470 3099; x_wconf 89' lang='lat' dir='ltr'><strong>regnum</strong></span> <span class='ocrx_word' id='word_1_276' title='bbox 485 3023 655 3094; x_wconf 88' lang='lat' dir='ltr'><strong>tradidisset,</strong></span> <span class='ocrx_word' id='word_1_277' title='bbox 672 3026 707 3082; x_wconf 91' lang='lat' dir='ltr'><strong>ab</strong></span> <span class='ocrx_word' id='word_1_278' title='bbox 727 3026 777 3082; x_wconf 93' lang='lat' dir='ltr'><strong>illo</strong></span> <span class='ocrx_word' id='word_1_279' title='bbox 791 3022 966 3105; x_wconf 40' lang='lat' dir='ltr'><strong>eodem&#39;yita</strong></span> <span class='ocrx_word' id='word_1_280' title='bbox 987 3027 1079 3102; x_wconf 85' lang='lat' dir='ltr'><strong>priva·</strong></span> <span class='ocrx_word' id='word_1_281' title='bbox 1154 3082 1159 3093; x_wconf 82' lang='grc'><strong>,</strong></span> 
     </span>
    </p>

    <p class='ocr_par' dir='ltr' id='par_1_10' title="bbox 137 3098 1081 3414">
     <span class='ocr_line' id='line_1_36' title="bbox 137 3098 1078 3178; baseline 0.007 -24"><span class='ocrx_word' id='word_1_282' title='bbox 137 3102 155 3154; x_wconf 81' lang='grc'><strong>5</strong></span> <span class='ocrx_word' id='word_1_283' title='bbox 177 3109 223 3155; x_wconf 91' lang='lat' dir='ltr'><strong>tus</strong></span> <span class='ocrx_word' id='word_1_284' title='bbox 237 3098 353 3157; x_wconf 90' lang='lat' dir='ltr'><strong>dicitur.</strong></span> <span class='ocrx_word' id='word_1_285' title='bbox 396 3100 440 3157; x_wconf 89' lang='lat' dir='ltr'><strong>De</strong></span> <span class='ocrx_word' id='word_1_286' title='bbox 455 3101 561 3175; x_wconf 91' lang='lat' dir='ltr'><strong>quibus</strong></span> <span class='ocrx_word' id='word_1_287' title='bbox 575 3105 710 3178; x_wconf 91' lang='lat' dir='ltr'><strong>quoniam</strong></span> <span class='ocrx_word' id='word_1_288' title='bbox 726 3105 795 3160; x_wconf 88' lang='lat' dir='ltr'><strong>satis</strong></span> <span class='ocrx_word' id='word_1_289' title='bbox 809 3103 918 3159; x_wconf 86' lang='lat' dir='ltr'><strong>dictum</strong></span> <span class='ocrx_word' id='word_1_290' title='bbox 935 3113 1078 3178; x_wconf 84' lang='lat' dir='ltr'><strong>putamus,</strong></span> 
     </span>
     <span class='ocr_line' id='line_1_37' title="bbox 176 3178 1081 3256; baseline 0.009 -25"><span class='ocrx_word' id='word_1_291' title='bbox 176 3195 231 3232; x_wconf 91' lang='lat' dir='ltr'><strong>non</strong></span> <span class='ocrx_word' id='word_1_292' title='bbox 246 3178 458 3235; x_wconf 91' lang='lat' dir='ltr'><strong>incommodum</strong></span> <span class='ocrx_word' id='word_1_293' title='bbox 474 3180 595 3249; x_wconf 87' lang='lat' dir='ltr'><strong>videtur,</strong></span> <span class='ocrx_word' id='word_1_294' title='bbox 611 3200 666 3238; x_wconf 90' lang='lat' dir='ltr'><strong>non</strong></span> <span class='ocrx_word' id='word_1_295' title='bbox 682 3183 827 3256; x_wconf 81' lang='lat' dir='ltr'><strong>praeterire</strong></span> <span class='ocrx_word' id='word_1_296' title='bbox 839 3180 1039 3239; x_wconf 90' lang='lat' dir='ltr'><strong>Hamilcarem</strong></span> <span class='ocrx_word' id='word_1_297' title='bbox 1053 3191 1081 3239; x_wconf 84' lang='lat' dir='ltr'><strong>et</strong></span> 
     </span>
     <span class='ocr_line' id='line_1_38' title="bbox 176 3253 1079 3335; baseline 0.01 -26"><span class='ocrx_word' id='word_1_298' title='bbox 176 3253 380 3324; x_wconf 87' lang='lat' dir='ltr'><strong>Hannibalem,</strong></span> <span class='ocrx_word' id='word_1_299' title='bbox 396 3276 468 3331; x_wconf 91' lang='lat' dir='ltr'><strong>quos</strong></span> <span class='ocrx_word' id='word_1_300' title='bbox 482 3268 510 3315; x_wconf 89' lang='lat' dir='ltr'><strong>et</strong></span> <span class='ocrx_word' id='word_1_301' title='bbox 530 3260 618 3335; x_wconf 85' lang='lat' dir='ltr'><strong>animi</strong></span> <span class='ocrx_word' id='word_1_302' title='bbox 640 3257 846 3335; x_wconf 87' lang='lat' dir='ltr'><strong>magnitudine,</strong></span> <span class='ocrx_word' id='word_1_303' title='bbox 869 3270 898 3316; x_wconf 90' lang='lat' dir='ltr'><strong>et</strong></span> <span class='ocrx_word' id='word_1_304' title='bbox 922 3259 1079 3318; x_wconf 85' lang='lat' dir='ltr'><strong>calliditate</strong></span> 
     </span>
     <span class='ocr_line' id='line_1_39' title="bbox 174 3334 847 3414; baseline 0.006 -24"><span class='ocrx_word' id='word_1_305' title='bbox 174 3351 274 3390; x_wconf 84' lang='lat' dir='ltr'><strong>omnes</strong></span> <span class='ocrx_word' id='word_1_306' title='bbox 287 3334 317 3389; x_wconf 93' lang='lat' dir='ltr'><strong>in</strong></span> <span class='ocrx_word' id='word_1_307' title='bbox 332 3334 436 3392; x_wconf 86' lang='lat' dir='ltr'><strong>Africa</strong></span> <span class='ocrx_word' id='word_1_308' title='bbox 450 3347 532 3394; x_wconf 91' lang='lat' dir='ltr'><strong>natos</strong></span> <span class='ocrx_word' id='word_1_309' title='bbox 545 3338 711 3414; x_wconf 72' lang='lat' dir='ltr'><strong>praestitisse</strong></span> <span class='ocrx_word' id='word_1_310' title='bbox 724 3346 847 3395; x_wconf 86' lang='lat' dir='ltr'><strong>constat.</strong></span> 
     </span>
    </p>
   </div>
   <div class='ocr_carea' id='block_1_4' title="bbox 0 0 1242 4080">
    <p class='ocr_par' dir='ltr' id='par_1_11' title="bbox 0 0 1242 4080">
     <span class='ocr_line' id='line_1_40' title="bbox 0 0 1242 4080; baseline 0 2"><span class='ocrx_word' id='word_1_311' title='bbox 0 0 1242 4080; x_wconf 95' lang='lat' dir='ltr'><strong> </strong></span> 
     </span>
    </p>
   </div>
  </div>
 </body>
</html>
