2474 4080
285 228 394 297 XXV.
437 239 463 296 1.
507 233 559 316 (T.
575 232 771 319 Pomponius
785 239 933 323 Atticus.)
1020 249 1061 309 97

157 383 257 442 multis
278 394 403 442 tentatus
426 405 483 443 non
505 388 585 444 modo
608 389 721 447 nullum
742 391 945 449 detrimentum
965 396 1061 453 existi-

157 464 291 520 mationis
305 461 382 533 fecit,
398 465 457 534 sed,
472 467 566 540 quoad
581 468 660 536 vixit,
677 470 814 525 virtutum
830 472 916 528 laude
931 475 1032 529 crevit.

195 540 248 599 ΙΙΙ.
271 541 304 598 In
320 544 452 599 omnibus
467 545 553 600 rebus
567 546 708 620 singulari
724 547 777 604 suit
799 551 949 622 prudentia
970 563 998 608 et
1019 553 1059 607 in·
1083 557 1097 610 1

155 621 277 679 dustria.
314 621 393 677 Nam
407 632 434 677 et
449 623 577 698 agricola
591 624 702 693 sollerS,
718 636 746 682 et
761 629 927 701 reipublicae
941 630 1074 715 peritus·

154 711 184 757 et
204 701 282 775 juris
305 701 463 769 consultus,
479 711 507 756 et
527 719 652 776 magnus
675 704 836 777 imperator,
852 717 879 760 et
906 708 1059 780 probabilis

154 793 260 847 orator,
272 789 301 834 et
310 778 514 853 cupidissimus
528 779 689 835 litterarum
706 782 767 836 iuit.
789 781 921 844 Quarum
933 785 1057 841 studium
1079 792 1098 843 2

153 859 207 915 etsi
221 857 317 912 senior
328 857 499 932 arripuerat,
516 867 611 912 tamen
638 869 748 914 tanturn
775 877 958 934 progressum
981 861 1057 931 fecit,

156 946 188 993 ut
211 953 269 992 non
290 933 374 991 facile
390 937 517 1009 reperire
542 935 640 1009 possis,
657 954 751 1009 neque
772 936 807 991 de
829 936 949 1006 Graecis,
965 957 1058 1013 neque

133 1013 190 1073 ,de
204 1013 314 1072 Italicis
334 1013 429 1080 rebuS,
445 1012 518 1086 quod
540 1014 567 1068 ei
589 1010 676 1068 fuerit
699 1015 887 1090 incognitum.
931 1017 979 1071 Ab
994 1017 1057 1074 add-

153 1091 293 1150 lcscentia
317 1090 442 1147 coniecit
466 1091 618 1146 orationes.
660 1091 754 1147 Senex
776 1093 909 1149 historias
930 1096 1057 1151 scribere
1078 1101 1096 1153 3

152 1169 282 1237 instituit,
298 1187 422 1244 quarum
445 1178 512 1224 sunt
536 1168 601 1222 libri
627 1179 746 1244 septem.
797 1168 911 1227 Primus
933 1174 1057 1229 continet

152 1266 198 1305 res
218 1257 316 1327 gestas
337 1265 440 1322 regum
461 1246 557 1320 populi
580 1245 720 1318 Romani3
745 1248 890 1304 secundus
905 1262 934 1306 et
947 1252 1056 1320 tertiuS,

146 1327 228 1391 unde
243 1343 365 1400 quaeque
380 1325 483 1385 civitas
497 1334 559 1380 orta
573 1324 609 1378 sit
630 1324 749 1382 Italica:
771 1327 806 1382 ob
820 1346 907 1401 quam
923 1347 983 1383 rem
998 1348 1055 1385 om-

150 1421 202 1461 nes
216 1403 352 1480 Origines
364 1401 477 1458 videtur
488 1402 659 1477 appellasse.
681 1402 713 1459 ln
725 1414 827 1478 quarto
839 1415 935 1462 autem
948 1407 1056 1463 bellum

151 1482 302 1539 Poenicum
324 1482 469 1555 primum3
492 1481 521 1535 in
547 1480 646 1553 quinto
661 1482 832 1538 secundum.
875 1484 973 1558 Atque
992 1485 1055 1543 haec
1076 1489 1095 1542 4

149 1562 247 1617 omnia
267 1559 448 1634 capitulatim
469 1568 536 1614 sunt
559 1558 645 1614 dicta.
688 1559 870 1635 Reliquaque
892 1563 967 1617 bolla
993 1564 1054 1637 pari

150 1639 232 1695 modo
256 1648 426 1714 persecutus
440 1647 491 1705 est,
509 1655 600 1710 usque
624 1636 658 1692 ad
683 1649 837 1712 praeturam
864 1639 926 1695 Ser.
943 1640 1053 1709 Galbae,

148 1717 198 1793 qui
212 1716 330 1792 diripuit
350 1713 515 1771 Lusitanos.
559 1716 657 1789 Atque
678 1717 781 1771 horum
803 1716 943 1773 bellorum
966 1719 1057 1785 duces

148 1812 204 1851 non
219 1794 386 1862 nominavit,
400 1793 449 1849 sed
462 1794 523 1850 sine
535 1794 698 1849 nominibus
714 1812 760 1849 res
771 1795 888 1850 notavit.
911 1795 944 1851 ln
953 1796 1054 1851 iisdem

148 1873 288 1949 exposuit,
306 1890 371 1946 quae
396 1872 425 1927 in
447 1871 531 1928 ltalia
555 1870 762 1946 Hispaniisque
778 1872 945 1928 viderentur
966 1873 1053 1928 admi-

146 1950 249 2009 randa.
291 1950 323 2007 In
337 1951 443 2025 quibus
458 1950 550 2005 multa
566 1950 706 2005 industria
721 1960 749 2005 et
770 1950 919 2026 diligentia
940 1969 1053 2025 compa-

146 2039 198 2098 ret,
214 2029 306 2084 multa
320 2028 460 2085 doctrina.
504 2027 603 2101 Hujus
617 2027 652 2084 de
668 2029 726 2084 vito
740 2037 767 2083 et
782 2029 909 2084 moribus
923 2028 1008 2102 plura
1024 2029 1053 2083 in
1074 2032 1092 2084 5

145 2126 180 2165 eo
194 2107 267 2163 libro
279 2107 424 2180 persecuti
438 2125 549 2172 sumus
561 2125 646 2179 quern
662 2109 817 2181 separatim
833 2107 867 2162 de
883 2124 916 2162 eo
932 2105 1053 2162 fecimus

146 2195 247 2262 rogatu
270 2184 330 2241 Titi
346 2184 491 2259 Pomponii
508 2185 609 2240 Attici.
651 2185 751 2248 Quare
776 2185 915 2241 studiosos
935 2184 1053 2241 Catonis

145 2262 182 2321 ad
196 2263 269 2320 illud
284 2263 418 2319 volumen
433 2263 613 2338 delegamus.

153 2654 273 2730 XXV.
328 2657 375 2730 T.
403 2655 744 2730 POMPONIUS
773 2654 1057 2727 ATTICUS.

184 2967 207 3026 l.
235 2966 266 3024 T.
288 2966 460 3040 Pomponius
484 2967 604 3034 Atticm,
626 2966 661 3021 ab
689 2965 799 3039 origine
827 2964 929 3019 ultima
956 2962 1051 3037 stirpis
1073 2967 1087 3020 1

145 3047 285 3105 Romanae
313 3058 477 3123 generatus,
509 3056 645 3121 perpetuo
672 3062 688 3097 a
717 3043 874 3116 majoribus
902 3052 1050 3116 acceptam

144 3137 308 3200 equestrem
324 3125 447 3198 obtinuit
461 3124 638 3199 dignitatern.
662 3119 746 3176 Patre
763 3139 832 3175 usus
847 3129 889 3176 est
903 3119 1048 3193 diligente,
1070 3122 1089 3174 ‘2

144 3204 322 3278 indulgente,
338 3213 374 3270 et,
391 3215 422 3258 ut
436 3209 594 3273 tumerent
619 3209 755 3271 tempora,
770 3196 830 3265 diti,
853 3197 1050 3271 imprimisque

145 3282 271 3338 studioso
297 3282 469 3337 litterarum.
511 3276 578 3344 Hic,
604 3286 687 3349 prout
711 3276 770 3348 ipse
794 3276 908 3330 amabat
931 3274 1047 3341 litteras,

145 3360 278 3416 omnibus
292 3358 437 3424 doctrinis,
453 3356 557 3428 quibus
579 3353 698 3429 puerilis
713 3365 782 3408 aetas
804 3352 941 3424 impertiri
955 3351 1048 3418 debet,

146 3437 238 3494 filium
250 3436 384 3492 erudivit.
407 3434 480 3490 Erat
495 3443 590 3488 autem
606 3432 634 3485 in
650 3448 747 3504 puero,
758 3440 860 3504 praeter
874 3429 1048 3484 docilitatem
1069 3429 1087 3483 ³

145 3515 265 3590 ingenii,
279 3530 393 3570 summe
407 3511 536 3567 suavitas
549 3510 607 3564 oris
624 3526 659 3563 ac
673 3507 760 3574 vocis,
777 3516 806 3561 ut
826 3524 880 3562 non
895 3505 987 3560 solum
1002 3521 1048 3559 ce-

146 3590 246 3651 leriter
259 3590 414 3666 acciperet,
429 3606 495 3666 quae
503 3585 697 3656 tradebantur,
712 3583 859 3642 sedetiam
873 3579 1051 3640 excellenter
