2474 4080
183 309 225 391 64
360 305 432 370 XV.
476 314 505 380 9,
530 314 576 372 10.
623 302 902 390 (Epaminondas.)

141 459 160 511 2
180 457 305 532 putabat,
320 457 404 532 quod,
419 457 487 532 quid
502 458 617 528 diceret,
632 477 688 515 non
702 458 829 515 haberet.
872 458 913 515 At
926 455 977 514 ille
991 456 1021 514 iu
1031 457 1080 534 ju·

181 534 288 590 dicium
303 537 396 592 veuit:
417 536 488 592 nihil
509 555 608 592 eorum
622 537 747 613 negavit,
762 554 827 610 quae
846 536 1004 593 adversarii
1025 537 1080 593 cri-

179 613 250 668 mini
264 612 378 682 dabant,
390 616 551 688 omniaque,
566 633 630 688 quae
646 615 764 690 collegae
778 613 917 681 dixerant,
932 612 1082 672 consessus

180 701 231 758 est,
246 709 340 765 neque
358 693 511 760 recusavit,
526 711 583 767 quo
598 694 693 748 minus
717 692 790 768 legis
815 711 929 767 poenam
941 691 1061 751 subiret
1069 712 1079 765 ;

180 767 229 824 sed
244 787 333 825 unum
349 771 384 826 ab
399 772 435 827 iis
456 772 562 846 petivit,
578 772 652 827 utin
668 770 794 845 periculo
809 789 861 825 suo
875 770 1065 828 inscriberent
1073 790 1080 828 :

142 845 390 919 3Eparaiaoadas
411 868 429 905 a
455 847 593 905 Thebanis
614 857 697 905 morte
719 849 850 904 multatur
872 856 920 915 est,
943 850 1016 921 qaod
1032 868 1081 919 eoa

180 928 266 999 ooigii
279 928 354 997 apud
368 923 488 984 Leuctra
502 945 634 998 superare
648 924 876 994 Lacedamoaior,
891 944 959 999 quos
974 935 1036 998 aare
1050 945 1081 983 se

179 1004 367 1076 imperatorem
393 1023 470 1061 nemo
497 1004 663 1060 Baotiorum
689 1023 777 1060 ausas
793 1001 860 1137 {aa
884 1005 1027 1077 adspicere
1050 1007 1081 1060 ia

140 1084 159 1138 4
179 1084 239 1138 acie
250 1102 264 1150 ,·
285 1084 409 1155 quodque
429 1100 483 1138 ano
502 1084 600 1155 pralio
620 1101 674 1138 noa
687 1083 775 1138 solum
817 1082 901 1139 hobas
921 1082 956 1137 ab
969 1085 1082 1138 interitu

178 1162 301 1228 retraxit,
316 1161 366 1216 sed
381 1163 460 1216 etiam
474 1162 630 1217 universam
652 1159 788 1216 Graciam
809 1162 838 1215 ia
860 1160 1008 1217 libertatern
1022 1163 1080 1216 virt-

179 1238 291 1304 dieaoit,
307 1256 389 1311 eoque
403 1257 448 1293 res
462 1247 636 1311 utrorumque
653 1240 792 1312 perduruit,
809 1246 838 1292 ut
856 1236 979 1294 Tltebaui
996 1235 1079 1311 Spar-

180 1323 234 1370 tam
256 1325 451 1388 oppugnarent,
475 1315 676 1373 Lacedaemonii
697 1319 768 1371 satis
795 1315 932 1384 haberent,
960 1319 988 1371 si
1008 1316 1081 1372 salui

140 1397 159 1447 5
180 1411 239 1450 esse
250 1403 362 1464 possent
373 1413 387 1461 ;
408 1413 493 1468 aeque
503 1397 586 1466 prius
605 1394 707 1451 bellare
722 1395 831 1461 destitit,
846 1413 926 1468 qaam
947 1392 1081 1451 Messena

180 1474 325 1527 constituta
348 1473 440 1528 urbem
465 1492 558 1529 eoram
579 1473 717 1529 obsidione
743 1474 851 1528 clausit.
894 1471 966 1528 Haec
990 1490 1080 1546 quum
1169 1481 1173 1487 ”

180 1550 305 1616 dixisset,
317 1551 392 1605 risus
406 1552 533 1606 omnium
549 1569 616 1606 cum
631 1550 773 1606 hilaritate
783 1561 896 1606 coortus
906 1561 964 1606 est:
987 1569 1080 1623 neque

178 1629 330 1702 quisquam
349 1628 438 1703 judex
454 1648 543 1685 ausus
562 1638 605 1684 est
619 1628 654 1684 de
668 1647 702 1684 eo
717 1626 791 1684 ferre
806 1628 987 1704 suffragium.
1030 1629 1080 1685 Sic

180 1725 197 1762 a
208 1706 317 1780 judicio
332 1708 433 1782 eapitis
448 1707 573 1762 maxima
588 1706 717 1762 discessit
730 1706 832 1781 gloria.
887 1700 891 1707 ’

141 1789 155 1841 1
219 1784 271 1841 IX.
296 1784 352 1842 Hic
367 1795 495 1841 extremo
509 1793 634 1859 tempore
649 1785 802 1859 imperator
813 1782 1080 1858 apud-Mantineam

178 1881 268 1936 quum
283 1865 345 1919 acie
360 1864 501 1920 instructa
516 1863 656 1919 audacius
670 1863 789 1918 instaret
803 1862 904 1928 hosteS,
920 1863 1080 1937 cognituse

178 1939 414 2009 Lacedaemonia,
429 1941 504 2016 quod
519 1941 649 1996 inanius
664 1940 791 2014 pernicie
806 1940 870 2013 ejus
884 1940 982 2014 patriae
996 1941 1080 1996 sitam

178 2020 316 2094 putabant
330 2021 461 2087 salutem,
478 2020 606 2075 universi
630 2020 659 2073 in
675 2031 765 2073 unum
787 2019 922 2092 impetum
940 2015 1079 2089 feceruut,

178 2114 271 2170 neque
295 2098 374 2170 prius
400 2097 608 2164 abscesserunt,
634 2115 721 2170 quam
747 2114 853 2171 magna
881 2095 959 2151 caede
987 2095 1079 2170 [sacta

178 2175 334 2247 multisque
348 2174 464 2248 occisis]
481 2174 632 2230 fortissime
647 2176 740 2248 ipsum
758 2172 987 2248 Epaminondam
1010 2191 1079 2250 pug-

178 2261 304 2318 nantem,
329 2270 413 2325 sparo
438 2252 550 2306 eminus
569 2270 747 2325 percussum,
769 2250 921 2307 concidere
937 2250 1078 2307 viderunt.

139 2333 158 2384 2
179 2327 277 2402 Hujus
291 2347 367 2384 casu
389 2329 567 2402 aliquantum
592 2329 727 2384 retardati
748 2338 814 2384 sunt
840 2328 961 2399 Boeotii3
985 2347 1079 2403 neque

179 2415 274 2461 tamen
289 2407 368 2480 prius
383 2426 480 2481 pugna
494 2417 687 2473 excesserunt,
703 2425 790 2481 quam
806 2417 1000 2481 repugnantes
1018 2425 1078 2482 prc-

139 2488 157 2540 ³
178 2484 324 2559 fligarunt.
355 2485 396 2540 At
410 2484 624 2559 Epaminondas
639 2504 728 2559 quum
744 2484 992 2552 animadverteret,
1007 2503 1079 2541 mor-

178 2560 294 2618 tiferum
315 2582 345 2619 se
360 2564 468 2620 vulnus
485 2565 641 2638 accepisse,
662 2563 816 2636 simulque,
831 2563 855 2617 si
871 2561 990 2630 ferrum,
1005 2561 1079 2637 quod

177 2658 213 2696 ex
234 2641 329 2697 hastili
351 2643 380 2697 in
405 2660 523 2716 corpore
546 2653 731 2707 remanserat,
754 2641 932 2707 extraxisset,
955 2641 1080 2697 animam

177 2719 272 2775 statim
286 2721 458 2776 emissurum
470 2741 477 2775 :
500 2739 591 2793 usque
603 2739 635 2775 eo
646 2719 770 2786 retinuit,
781 2717 872 2792 quoad
886 2720 1080 2774 renuntiatum

138 2801 157 2852 4
178 2808 229 2863 est,
242 2799 343 2855 vicisse
354 2798 489 2855 Boeotios.
525 2797 555 2854 Id
572 2808 719 2871 postquam
735 2796 844 2852 audivit
853 2815 862 2866 ;
884 2799 963 2864 satis,
978 2796 1079 2870 inquit,

177 2877 235 2931 oiri
247 2896 257 2930 .·
278 2878 397 2930 inmotas
418 2878 489 2931 enim
510 2878 619 2930 morior.
662 2874 740 2931 Tum
766 2873 840 2930 ferro
865 2884 993 2931 extracto
1014 2892 1079 2930 con-

179 2949 271 3007 festim
286 2953 465 3008 exanimatus
479 2961 531 3007 est.

140 3030 155 3083 1
219 3027 255 3084 X.
279 3028 470 3085 Hicuxorem
492 3047 650 3102 numquam
670 3029 762 3085 duxit.
805 3028 837 3085 ln
851 3047 908 3103 quo
922 3047 1013 3102 quum
1035 3046 1077 3084 re-

177 3105 411 3180 prehenderetur,
426 3106 501 3179 quod
516 3107 619 3162 liberos
633 3126 688 3163 non
702 3108 886 3181 relinqueret,
902 3126 920 3162 a
934 3105 1078 3180 Pelopida,

176 3184 228 3257 qui
242 3183 333 3238 filium
348 3184 470 3240 habebat
485 3183 630 3252 infamem,
647 3185 779 3258 maleque
794 3203 861 3240 eum
882 3185 911 3238 in
926 3204 960 3241 ec
981 3185 1080 3258 patriae

138 3261 158 3316 2
177 3261 327 3316 ¹consulere
342 3261 466 3318 diceret:
488 3264 560 3328 vide,
576 3263 676 3336 iuquit,
690 3281 724 3318 ne
740 3272 768 3317 tu
783 3262 865 3335 pejus
880 3264 1018 3330 consulat,
1034 3280 1081 3335 qao

178 3339 259 3394 taient
273 3357 306 3394 ea
319 3346 344 3394 te
357 3348 450 3394 natura
464 3342 611 3396 relicturus
625 3342 675 3395 sis.
718 3337 816 3413 Neque
831 3358 895 3395 cero
915 3342 1001 3410 stirps
1015 3340 1081 3395 mila

173 3424 262 3488 potest
286 3417 390 3472 deesse.
433 3414 560 3490 Namque
585 3437 617 3473 ea
639 3435 680 3472 ate
702 3425 794 3472 natam
815 3419 938 3490 relinquo
956 3434 1082 3491 pugnam

178 3490 361 3560 Leuctricam,
376 3512 436 3566 qua
456 3513 511 3550 noa
530 3495 609 3550 modo
622 3495 689 3550 attat
704 3503 852 3565 superstes,
867 3495 918 3549 sed
938 3497 1020 3550 etiam
1033 3496 1081 3549 ira-

140 3571 301 3640 3mortalt'a
320 3573 357 3626 su
379 3590 489 3627 neeesse
510 3580 560 3626 est.
602 3571 669 3635 Quo
690 3578 825 3644 tempore,
840 3571 914 3626 duce
936 3570 1080 3644 Pelopida,

178 3646 294 3703 exsules
308 3646 425 3704 Thebas
438 3657 626 3723 occuparunt,
641 3656 670 3704 et
686 3647 852 3723 praesidium
866 3646 1082 3704 Lacedaemoni·
