2474 4080
337 285 411 351 XV.
456 292 484 361 7,
504 292 533 349 8.
579 285 858 371 (Epaminondas.)
1007 292 1048 351 63

145 437 280 507 admisso,
295 457 384 513 quum
407 439 499 515 patria
519 448 614 496 essent
634 439 757 515 expulsi,
779 448 907 514 receptos
931 457 993 495 esse
1014 437 1051 494 ab
1081 508 1085 513 Ι

146 516 385 573 Atheniensibus,
441 516 497 573 Sed
527 519 651 574 maxime
679 519 743 592 ejus
770 517 933 591 eloquentia
960 516 1090 575 eluxit4

145 593 267 670 Spartae,
282 596 369 670 legati
394 605 459 651 ante
485 614 610 670 pugnam
635 595 831 652 Leuctricam.
873 595 939 659 Quo
959 613 1050 670 quum

145 673 279 729 omnium
289 673 431 729 sociorum
446 675 644 729 convenissent
659 674 755 748 legati,
771 691 866 730 coram
882 673 1050 747 frequentis·

144 751 219 807 simo
233 751 407 827 legationum
422 764 564 808 conventu
586 752 627 808 sic
649 751 933 817 Lacedaemoniorum
953 762 1049 826 tyran-

145 829 243 884 nidem
258 831 397 905 coarguit,
419 840 450 885 ut
470 848 525 885 non
541 830 637 885 minus
657 831 708 886 illa
723 831 850 887 cranone
870 848 937 904 opes
951 847 1050 885 eorum

146 908 334 976 concusserit,
353 926 441 981 quam
466 907 624 964 Leuctrica
640 927 746 983 pugna.
789 906 867 962 Tum
890 908 966 963 enim
988 925 1048 981 per-

147 983 224 1052 fecit,
239 985 314 1060 quod
339 996 400 1060 post
421 986 563 1061 apparuit,
580 996 611 1043 ut
635 987 743 1043 auxilio
757 986 899 1042 sociorum
913 983 1048 1041 Lacedae-

146 1065 234 1119 monii
249 1065 440 1138 privarentur.

187 1141 254 1199 Vll.
277 1140 380 1198 Fuisse
401 1143 554 1217 patientem
575 1160 750 1217 suorumque
768 1142 889 1216 injurias
911 1139 1049 1197 ferentem
1071 1143 1086 1196 1

56 1263 57 1268 κ
145 1219 265 1288 civium,
280 1220 355 1294 quod
376 1241 408 1276 se
431 1221 536 1297 patriae'
552 1221 639 1276 irasci
660 1221 741 1277 nefas
762 1240 824 1277 esse
844 1221 970 1288 duceret,
986 1219 1049 1275 haec

145 1307 214 1363 sunt
237 1299 407 1355 testimonia.
459 1299 560 1363 Quum
584 1318 651 1354 eum
673 1311 786 1373 propter
808 1299 946 1355 invidiam
971 1298 1049 1353 cives

146 1376 294 1450 praeficere
318 1378 461 1432 exercitui
486 1378 652 1445 noluissent,
679 1377 794 1452 duxque
819 1389 893 1434 esset
920 1377 1050 1432 delectus

146 1454 215 1509 belli
230 1454 388 1530 imperitus,
404 1456 488 1530 cujus
502 1474 599 1512 errore
614 1475 647 1511 eo
662 1467 735 1512 esset
756 1455 879 1511 deducta
894 1473 939 1510 res
961 1453 1047 1529 [mili-

146 1532 231 1607 tum],
248 1544 279 1589 ut
299 1552 398 1589 omnes
413 1533 448 1590 de
462 1535 555 1590 salute
575 1535 817 1608 pertimescerent,
832 1533 906 1608 quod
922 1532 1049 1589 locorum

146 1612 288 1685 augustiis
313 1611 406 1667 clausi
431 1612 466 1668 ab
492 1612 618 1668 hostibus
642 1611 860 1668 obsidebantur:
893 1610 1047 1667 desiderari

146 1700 242 1762 coepta
263 1699 305 1746 est
326 1690 532 1764 Epaminondae
555 1690 712 1765 diligentia.
754 1689 827 1746 Erat
848 1691 924 1746 enim
940 1690 978 1744 ibi
993 1691 1048 1764 pri-

146 1776 232 1822 vatus
256 1786 376 1823 numero
403 1769 509 1824 militis.
565 1770 592 1824 A
619 1787 675 1842 quo
697 1786 787 1841 quum
810 1779 936 1842 peterent
957 1787 1047 1841 opem,
1069 1772 1088 1824 2

145 1844 257 1916 nullam
281 1846 409 1903 adhibuit
434 1847 599 1903 memoriam
622 1844 811 1913 contumeliae,
827 1856 855 1902 et
879 1846 1047 1915 exercitum,

144 1922 290 1980 obsidione
304 1924 465 1992 liberatum,
481 1924 596 1981 domum
607 1924 719 1980 reduxit
730 1923 913 1979 incolumem.
943 1923 1048 1997 Neque
1070 1926 1088 1980 3

90 2004 93 2009 “
145 2019 215 2057 vero
236 2001 289 2058 hoc
304 2002 393 2058 semel
415 2002 492 2070 fecit,
514 2003 563 2059 sed
585 2004 699 2077 saepius.
743 2000 869 2057 Maxime
885 2010 981 2057 autem
996 2001 1049 2059 fuit

145 2078 267 2147 illustre,
283 2099 372 2154 quum
394 2081 423 2136 in
443 2081 670 2156 Peloponnesum
684 2082 844 2136 exercitum
859 2079 987 2135 duxisset
1001 2080 1048 2135 ad-

146 2174 249 2213 versus
263 2157 505 2226 Lacedaemonios,
517 2159 691 2233 haberetque
701 2159 827 2234 collegas
838 2158 916 2225 duos,
926 2177 1048 2232 quorum

146 2235 219 2292 alter
239 2247 302 2292 erat
316 2236 473 2310 Pelopidas,
490 2237 534 2292 vir
549 2236 627 2293 fortis
642 2256 676 2292 ac
691 2247 835 2293 strenuus.
878 2235 936 2293 Hic
956 2255 1047 2311 quum

146 2315 315 2370 criminibus
338 2314 566 2371 adversariorum
582 2335 680 2372 omnes
700 2317 729 2370 in
744 2315 880 2371 invidiam
897 2317 1049 2384 venissent,

145 2393 181 2448 ob
196 2411 318 2465 eamque
334 2411 393 2448 rem
409 2393 561 2466 imperium
578 2394 620 2449 his
635 2404 710 2449 esset
724 2394 902 2468 abrogatum,
919 2404 1004 2468 atque
1019 2394 1048 2448 in

146 2488 245 2526 eorum
262 2471 356 2527 locum
372 2472 421 2527 alii
443 2482 577 2545 praetores
591 2473 813 2527 successissent:
835 2470 1049 2544 Epaminondas
1070 2475 1089 2526 4

147 2548 315 2623 populiscitu
336 2566 391 2605 nou
415 2551 517 2623 paruit,
544 2550 677 2623 idemque
699 2558 730 2603 ut
751 2547 888 2615 facerent,
909 2549 1049 2621 persuasit

146 2627 275 2702 collegis,
296 2636 324 2682 et
349 2627 466 2694 bellum,
482 2627 556 2701 quod
578 2636 753 2700 susceperat,
774 2625 871 2701 gessit.
914 2624 1049 2698 Namque

146 2704 400 2772 animadvertebat,
416 2706 471 2761 nisi
486 2706 512 2761 id
529 2704 652 2772 fecisset,
663 2713 752 2759 totum
764 2703 924 2758 exercitum
937 2712 1049 2777 propter

146 2793 298 2856 praetorum
314 2783 534 2857 imprudentiam
547 2781 784 2856 inscientiamque
799 2779 866 2836 belli
878 2779 1046 2853 periturum.

146 2857 210 2915 Lex
225 2871 287 2916 erat
301 2859 419 2928 Thebis,
434 2879 500 2936 quae
510 2874 600 2917 morte
615 2860 763 2928 multabat,
779 2858 803 2915 si
817 2858 882 2932 quis
896 2857 1048 2934 imperium
1068 2861 1088 2914 5

146 2936 254 2993 diutius
275 2939 445 3007 retinuisset,
460 2957 558 3013 quam,
569 2940 633 3014 lege
653 2938 824 3014 praefinitum
840 2934 920 2993 foret.
963 2935 1049 2994 Hanc

147 3014 361 3089 Epaminondas
371 3034 460 3089 quum
473 3017 638 3091 reipublicae
646 3015 850 3073 conservandas
860 3032 950 3071 causa
959 3014 1047 3070 latam

147 3093 265 3160 videret,
281 3093 316 3149 ad
338 3095 493 3168 pernicicm
512 3094 636 3151 civitatis
650 3093 781 3151 conferre
795 3091 905 3162 noluit3
928 3102 957 3149 et
977 3111 1047 3166 qua-

145 3179 210 3258 tuor
235 3172 381 3227 mensibus
405 3172 521 3240 diutius,
547 3190 635 3246 quam
660 3172 782 3247 populus
800 3170 935 3245 jusserat,
960 3171 1049 3245 gessit

145 3249 309 3322 imperium.
958 3304 962 3313 „

186 3325 268 3383 Vlll.
300 3327 453 3401 Postquam
477 3325 594 3382 domum
620 3326 742 3382 reditum
765 3334 816 3393 est,
841 3324 961 3400 collegae
984 3324 1082 3397 ejus]

146 3401 200 3458 hoc
225 3405 347 3460 crimine
372 3405 594 3460 accusabantur.
646 3403 761 3468 Quibus
784 3403 834 3458 ille
857 3402 993 3476 permisit,
1017 3410 1049 3457 ut

145 3498 259 3537 omnem
275 3500 394 3538 causam
409 3482 437 3536 in
452 3501 482 3537 se
497 3482 693 3546 transferrent,
709 3497 819 3553 suaque
833 3497 920 3552 opera
939 3476 1048 3533 lactum

145 3559 358 3626 contenderent,
386 3569 416 3614 ut
440 3559 498 3633 legi
521 3576 577 3614 non
598 3557 754 3614 obedirent.
796 3554 864 3619 Qua
885 3551 1048 3610 defensione

145 3633 205 3692 illis
219 3635 347 3708 periculo
361 3635 497 3703 liberatis,
507 3653 591 3692 nemo
605 3631 834 3710 Epaminondam
845 3645 1049 3705 responsurum
