2474 4080
184 258 226 318 ec
421 249 512 314 xlx.
558 258 584 327 1,
599 258 629 315 a.
676 248 855 335 (Phocion.)

181 405 343 480 repulisset,
373 405 475 480 partim
505 402 705 473 interfecisset,
733 414 837 479 captus
864 422 922 464 non
949 405 1089 484 Antigoni

181 486 297 551 virtute,
313 483 362 539 scd
388 482 581 538 Macedonum
606 481 741 557 perjurio,
756 483 844 539 talem
865 484 967 542 habuit
980 487 1089 543 exitum

143 566 161 618 2
183 563 257 618 vitae.
300 562 331 618 ln
348 580 404 635 quo
425 571 534 634 quanta
549 559 636 616 fuerit
656 562 783 617 omnium
798 562 893 637 opinio
913 582 1025 632 eorum,
1040 564 1089 639 qui

182 650 243 714 post
259 638 459 696 Alexandrum
477 638 616 713 Magnum
638 655 722 714 reges
735 648 802 695 sunt
823 639 970 714 appellati,
980 658 1022 698 ex
1035 642 1088 700 hcc

182 717 319 774 facillime
335 729 424 793 potest
442 716 578 792 judicari,
593 716 668 790 quod
689 734 782 785 nemo,
798 716 932 781 Eumene
946 720 1023 788 vivo,
1038 738 1088 777 rex

142 800 160 852 d
183 797 344 871 appellatus
358 808 409 864 est,
420 795 469 852 sed
484 791 638 870 praefectus
646 812 655 864 ;
671 793 758 851 iidem
772 805 834 869 post
848 795 936 871 hujus
949 815 1086 854 occasum

181 877 276 930 statim
302 876 415 950 regium
439 884 573 930 ornatum
598 890 759 948 nomenque
783 884 959 944 sumserunt,
983 892 1086 950 neque,

181 952 256 1026 quod
282 953 363 1008 initio
387 951 588 1026 praedicarant,
612 969 642 1006 se
658 949 821 1007 Alexandri
843 951 943 1008 liberis
963 970 1087 1028 regnum

180 1049 307 1099 servare,
322 1040 458 1105 praestare
473 1029 634 1096 voluerunt,
656 1038 693 1097 et,
709 1047 766 1085 uno
788 1040 999 1105 propugnatore
1020 1030 1084 1087 sub-

181 1109 247 1175 lato,
263 1108 332 1182 quid
346 1108 492 1174 sentirent,
509 1116 693 1181 aperuerunt.
738 1105 835 1180 Hujus
849 1107 969 1164 sceleris
984 1108 1085 1182 priuci-

181 1204 230 1260 pos
252 1184 369 1242 suerunt
391 1184 565 1260 Antigonus,
587 1183 768 1253 Ptolemaeus,
784 1184 936 1254 Seleucus,
952 1184 1084 1260 Lysima·

141 1268 159 1319 4
180 1263 261 1331 chae,
273 1262 445 1320 Cassander.
482 1264 647 1338 Antigonus
658 1273 755 1319 autem
766 1261 931 1319 Eumenem
942 1274 1085 1321 mortuum

180 1342 346 1415 propinquis
369 1341 432 1415 ejus
447 1340 644 1414 sepeliendum
668 1341 795 1398 tradidit.
838 1340 879 1397 Hi
903 1342 1023 1399 militari
1038 1343 1083 1399 ho·

181 1429 261 1475 nesto
296 1418 407 1485 funere,
437 1419 591 1474 comitante
625 1428 682 1475 toto
712 1420 853 1488 exercitu,
882 1419 1084 1488 humaverunt,

180 1516 301 1571 ossaque
317 1497 380 1572 ejus
394 1498 422 1552 in
439 1496 653 1571 Cappadociam
668 1497 704 1552 ad
726 1507 848 1553 matrem
863 1506 951 1574 atque
966 1514 1084 1556 uxorem

180 1574 342 1651 liberosque
358 1575 421 1650 ejus
435 1574 612 1649 deportanda
625 1585 777 1632 curarunt.

367 1980 507 2053 xrx.
562 1935 894 2053 ruoaron'.

142 2281 157 2334 1
219 2277 243 2332 l.
266 2275 400 2343 Phocion,
416 2274 604 2344 Atheniensis,
620 2278 673 2333 etsi
694 2295 768 2352 saepe
783 2277 959 2334 exercitibus
972 2276 1085 2354 praeiuit

180 2373 365 2427 summosque
390 2355 573 2429 magistratus
594 2356 679 2429 oepit,
702 2366 798 2411 tamen
813 2355 903 2411 multo
917 2356 980 2431 ejus
995 2357 1085 2413 notior

179 2432 330 2506 integritas
346 2433 419 2500 vitae,
435 2451 522 2507 quam
539 2433 580 2488 rei
603 2435 736 2489 militaris
750 2434 840 2489 labor.
882 2433 983 2508 ltaque
999 2434 1084 2509 hujus

180 2511 318 2565 memoria
333 2521 374 2567 est
398 2510 487 2579 nulla,
511 2511 589 2567 illius
611 2524 708 2568 autem
730 2530 836 2586 magna
860 2510 956 2568 fama:
978 2531 1015 2569 ex
1029 2531 1084 2587 quo

139 2591 158 2643 2
180 2589 348 2663 cognomine
371 2590 469 2647 Bonus
490 2599 533 2646 est
556 2590 726 2664 appellatus.
767 2589 835 2646 Fuit
856 2591 933 2646 enim
948 2600 1084 2667 perpetuo

179 2685 296 2741 pauper,
307 2688 397 2742 quum
412 2669 600 2725 divitissimus
611 2688 673 2724 esse
688 2677 782 2742 posset
795 2678 910 2743 propter
919 2666 1083 2742 frequentes

179 2743 287 2802 delatos
302 2748 423 2804 honores
444 2757 653 2824 potestatesque
668 2764 805 2814 summas,
820 2764 885 2819 quae
903 2746 931 2802 ei
951 2747 1084 2822 apopulo

139 2829 158 2879 3
179 2823 331 2881 dabantur.
374 2825 433 2881 Hic
455 2844 545 2899 quum
561 2844 578 2880 a
593 2843 662 2900 rege
683 2823 814 2899 Philippo
829 2841 952 2880 munera
972 2842 1084 2901 mugnae

179 2904 311 2974 pecuuiae
325 2903 499 2977 repudiaret,
516 2904 661 2977 legatique
682 2902 864 2959 hortarentur
883 2902 1026 2978 accipere,
1047 2903 1082 2959 si·

178 2978 297 3052 mulque
323 2979 516 3046 admonerent,
531 2981 556 3034 si
578 2982 638 3054 ipse
662 2981 706 3037 his
732 2979 818 3037 facile
840 2990 963 3048 careret,
986 2980 1083 3037 liberis

178 3064 273 3109 tamen
289 3056 348 3110 suis
371 3057 554 3129 prospiceret,
569 3059 674 3130 quibus
696 3058 813 3114 difficile
830 3068 904 3115 esset
926 3059 956 3114 in
970 3077 1084 3115 summe

138 3137 158 3190 4
179 3142 346 3206 paupertate
372 3142 480 3188 tantam
505 3145 654 3208 paternam
679 3137 755 3193 tueri
779 3136 921 3212 gloriam:
953 3136 998 3193 his
1023 3137 1082 3205 ille,

177 3212 204 3264 si
227 3213 281 3266 inei
299 3212 404 3267 similes
424 3222 512 3280 erent,
528 3215 600 3270 idern
614 3215 667 3282 laic,
684 3215 784 3288 inquit,
799 3216 908 3290 agellus
932 3216 997 3272 illos
1020 3215 1081 3282 alet,

178 3289 225 3360 qni
239 3307 280 3344 me
294 3290 331 3343 ad
346 3289 416 3344 hane
438 3292 596 3365 dignitatern
615 3295 769 3364 perdnait;
790 3296 835 3349 sin
855 3294 1007 3350 dissimiles
1020 3300 1083 3350 snat

177 3363 284 3440 saturi,
297 3368 359 3422 nolo
372 3371 440 3425 meis
450 3371 582 3442 impensis
595 3373 705 3427 illoram
719 3373 759 3427 ali
772 3374 921 3446 augerique
933 3373 1080 3428 luxuriam.

140 3448 154 3501 1
218 3442 255 3501 ΙΙ.
279 3444 357 3500 ldem
378 3465 468 3519 quum
493 3466 579 3522 prope
594 3449 629 3504 ad
654 3467 761 3504 annum
777 3451 984 3526 octogesimum
1006 3468 1081 3525 pros·

178 3540 248 3596 pera
261 3524 438 3597 pervenisset
459 3524 581 3595 fortuna,
597 3528 733 3583 extremis
754 3529 930 3602 temporibus
944 3545 1082 3604 magnum

138 3604 157 3661 2
177 3601 208 3657 in
228 3600 325 3658 odium
347 3603 478 3677 pervenit
498 3623 617 3661 suorum
630 3606 751 3663 civium.
794 3605 899 3675 Primo,
914 3605 991 3682 quod
1013 3623 1081 3664 cum
