2474 4080
192 266 252 327 100
296 258 404 323 xxv.
448 267 477 333 c,
493 222 543 353 af
568 254 995 342 (aromponmnaaus.)

186 413 224 479 Q.
240 413 339 469 Tullio
353 411 503 469 Ciceroni:
525 430 632 484 easque
646 410 762 486 nuptias
784 409 824 466 M.
839 409 944 469 Cicero
957 412 1091 469 concilia·

186 502 238 560 rat,
254 510 322 548 curn
347 510 404 565 quo
425 508 442 544 a
464 490 695 565 condiscipulatu
709 488 825 546 vivebat
848 488 1113 563 conjunctissime,'

185 570 275 626 multo
289 570 377 626 etiam
399 567 580 637 familiarius,
596 586 684 642 quam
697 585 765 623 cum
780 566 898 636 Quinto,
914 578 946 635 ut
966 568 1093 644 judicari

185 650 279 724 possit,
305 649 402 724 plus
394 665 424 702 1n
450 647 577 703 amicitia
603 646 699 702 valere
724 645 942 703 similitudinem
969 666 1091 719 morum,

60 788 64 795 ,
146 729 271 816 4quam
287 726 463 782 affinitatem.
497 723 915 788 UtebaturautemintimeQ
929 724 1090 796 Hortensio,

184 823 233 879 qur
227 805 293 861 his
313 805 488 879 temporibus
509 804 702 878 principatum
725 803 895 877 eloquentiae
916 804 1041 875 tenebat,
1060 814 1091 862 ut

83 908 89 921 ·
185 884 304 960 intelligi
319 902 375 939 non
391 893 493 959 posset,
510 892 652 938 utereum
677 883 742 957 plus
762 881 904 957 diligeret,
920 881 1032 953 Cicero,
1054 900 1090 940 au

184 960 373 1018 Hortensius:
406 971 434 1017 et
456 961 494 1028 id,
516 959 589 1033 quod
615 971 679 1016 erat
704 959 916 1030 difficillimum,
938 961 1088 1032 efficiebat,

184 1051 223 1107 ut,
239 1041 313 1096 inter
327 1058 398 1114 quos
419 1049 506 1094 tantae
520 1038 614 1094 laudis
629 1049 704 1095 esset
724 1039 879 1129 aemulatio,
902 1040 985 1097 nulla
1005 1041 1089 1098 iuter·

183 1118 298 1175 cederat
312 1117 488 1184 obtrectatio,
505 1127 636 1192 essetque
652 1116 753 1173 talium
769 1118 897 1173 virorum
913 1119 1027 1194 copula.

145 1201 160 1254 l
224 1195 275 1251 VI.
299 1195 331 1251 In
339 1196 488 1270 republica
500 1197 540 1251 ita
550 1206 681 1251 versatus
691 1206 742 1263 est
753 1206 785 1252 ut
793 1190 907 1271 semper
917 1197 1089 1273 optimarum

183 1274 307 1349 partium
322 1284 349 1330 et
364 1284 438 1330 essct
453 1284 480 1330 et
495 1275 718 1341 existimaretur,
733 1292 826 1349 neque
842 1284 937 1331 tamen
952 1294 983 1332 se
985 1276 1088 1333 civili·

183 1353 236 1407 bus
251 1352 386 1425 fluctibus
407 1354 606 1422 committeret,
622 1352 714 1443 quod·
723 1371 779 1408 non
794 1353 887 1429 magis
908 1373 957 1410 eos
982 1354 1012 1410 in
1036 1373 1089 1411 sua

183 1441 318 1505 potestate
343 1432 524 1487 existimabat
551 1450 623 1500 esse,
644 1431 694 1506 qui
719 1450 750 1487 se
765 1431 810 1487 his
829 1430 981 1501 dedissent,
1003 1450 1089 1507 <uam

143 1512 161 1565 2
182 1509 232 1583 qui
256 1509 407 1565 maritimis
426 1510 616 1583 jactarentur.
660 1509 792 1566 Honores
814 1506 874 1566 nori
896 1511 984 1585 petiit,
999 1528 1088 1586 quum

181 1587 208 1642 ei
232 1597 362 1677 paterent
384 1600 498 1662 propter
515 1589 561 1644 vel
585 1589 709 1663 gratiam
729 1588 775 1644 vel
795 1588 980 1664 dignitatem:
1014 1588 1088 1673 quod

182 1683 275 1740 neque
291 1667 346 1741 peti
363 1685 441 1723 more
457 1666 607 1740 majorum,
624 1685 716 1740 neque
732 1667 796 1742 capi
811 1677 923 1742 possent
938 1686 1088 1725 conserva-

181 1744 218 1800 tis
237 1744 385 1835 legibus,
378 1763 407 1800 1n
432 1756 490 1801 tarn
511 1744 609 1801 effusis
624 1746 748 1801 ambitus
773 1745 981 1836 largitionibus,
997 1764 1089 1821 neque

181 1824 243 1898 geri
259 1823 465 1898 erepublica
443 1842 504 1880 sme
515 1824 652 1899 periculo,
665 1825 807 1899 corruptis
817 1824 942 1880 civitatis
952 1824 1086 1903 moribus.

143 1906 160 1958 3
183 1902 230 1957 Ad
246 1903 358 1958 hastam
383 1903 529 1977 publicam
550 1920 709 1976 numquam
732 1903 862 1959 accessit.
904 1902 1027 1958 Nullius
1047 1898 1088 1959 rei

181 1998 275 2054 neque
291 2000 373 2055 praee,
389 2001 482 2054 nequo
498 1999 636 2055 manceps
656 1979 751 2037 factus
765 1991 818 2039 est.
861 1980 1018 2037 Neminem
1039 1998 1087 2037 ne-

182 2077 238 2132 que
254 2078 305 2115 suo
320 2061 443 2126 nomine,
460 2078 553 2132 neque
575 2059 768 2128 subscribens,
784 2059 944 2115 accusavit.
988 2057 1051 2115 In'
1040 2077 1088 2133 Jus

142 2141 161 2192 4
182 2137 216 2191 de
232 2156 285 2193 sua
301 2155 331 2192 re
346 2156 505 2210 numquam
520 2138 570 2207 iit3
591 2136 734 2211 judicium
749 2137 862 2193 nullum
877 2137 986 2193 habuit.
1014 2136 1086 2193 Mul-

181 2224 275 2269 torum
301 2214 452 2270 consulum
478 2226 689 2289 praetorumque
712 2214 899 2291 praesecturas
917 2215 1032 2271 *delatas
1046 2216 1087 2273 sic

183 2292 303 2366 accepit,
327 2303 358 2348 ut
372 2293 518 2347 neminem
540 2293 567 2346 in
591 2295 769 2366 provinciam
784 2295 820 2350 sit
841 2304 967 2361 secutus,
984 2293 1086 2350 honore

182 2368 268 2425 fuerit
283 2380 442 2438 contentus,
459 2372 501 2426 rei
525 2369 675 2428 familiaris
690 2372 851 2447 despexerit
872 2370 1016 2428 fructum:
1037 2372 1086 2445 qui

180 2465 217 2503 ne
242 2467 309 2503 cum
335 2448 373 2513 Q.
400 2449 515 2524 quidem
538 2448 677 2506 Cicerone
703 2451 826 2506 voluerit
848 2451 890 2506 ire
916 2450 946 2504 in
974 2450 1085 2517 Asiam,

180 2544 269 2599 quum
295 2528 370 2603 apud
395 2546 462 2584 euru
487 2528 575 2604 legati
601 2529 698 2585 locum
721 2529 848 2585 obtinere
874 2538 977 2603 posset.
1020 2527 1085 2583 Non

181 2607 258 2661 enirn
281 2608 436 2664 decorose
461 2608 663 2675 arbitrabatur,
690 2625 779 2681 quum
805 2616 961 2682 praeturam
985 2623 1085 2681 gerere

141 2686 159 2740 5
180 2686 326 2754 noluisset,
343 2687 485 2743 asseclam
496 2706 557 2742 esse
573 2686 710 2760 praetoris.
754 2684 822 2749 Qua
836 2685 865 2739 in
881 2702 911 2740 re
923 2702 977 2745 non
993 2684 1085 2755 solum

180 2763 310 2839 dignitati
325 2767 476 2832 serviebat,
493 2765 642 2821 sedetiam
658 2763 867 2838 tranquillitati,
883 2781 975 2836 quum
996 2761 1083 2836 suspi-

179 2844 276 2898 ciones
297 2862 410 2917 quoque
436 2844 539 2899 vitaret
563 2844 727 2898 criminum.
771 2841 837 2906 Quo
860 2840 955 2908 fiebat,
971 2851 1002 2896 ut
1023 2840 1084 2913 ejus

179 2920 359 2975 observantia
374 2921 506 2975 omnibus
521 2932 594 2976 essct
609 2922 711 2990 carior,
727 2938 817 2995 quum
832 2937 896 2975 eam
912 2917 1014 2987 officio,
1029 2934 1084 2974 non

179 2997 273 3051 timori
288 3014 383 3070 neque
397 2998 457 3069 spei
472 2997 559 3052 tribui
575 2999 713 3055 viderent.

141 3076 156 3129 l
219 3073 285 3129 Vll.
308 3073 410 3130 Incidit
424 3073 624 3131 Caesarianum
639 3078 725 3133 civile
752 3075 870 3144 bellum,
886 3093 978 3149 quum
999 3074 1083 3130 habe·

180 3160 223 3206 ret
238 3170 326 3207 annos
341 3153 457 3208 circiter
471 3156 629 3227 sexaginta.
672 3155 750 3212 Usus
765 3164 807 3210 est
822 3154 913 3209 aetatis
924 3153 1082 3221 vacatione,

179 3246 273 3302 neque
289 3229 347 3304 [se]
362 3250 506 3305 quoquam
526 3234 613 3288 movit
628 3251 663 3288 ex
680 3234 760 3289 urbe.
804 3232 879 3296 Quae
900 3232 1003 3287 amicis
1025 3230 1084 3287 suis

178 3326 249 3382 opus
272 3307 386 3366 fuerant
410 3309 443 3365 ad
471 3309 636 3384 Pompeium
662 3311 916 3384 proficiscentibus,
932 3310 1028 3365 omnia
1048 3325 1083 3364 ex

139 3389 158 3441 2
179 3405 232 3440 sua
254 3404 284 3441 re
310 3385 445 3442 familiari
467 3387 553 3443 dedit.
595 3388 692 3462 Ipsum
716 3389 882 3463 Pompeium
896 3387 1083 3461 conjunctum

178 3482 233 3520 non
245 3463 376 3521 offendit:
399 3466 512 3520 nullum
527 3465 631 3541 [onim]
649 3467 684 3521 ab
693 3486 727 3523 eo
742 3467 864 3522 habebat
873 3475 1082 3531 ornamentum,

179 3552 210 3597 ut
221 3543 319 3611 ceteri,
329 3544 378 3616 qui
394 3562 444 3617 per
453 3561 520 3599 eum
537 3555 586 3599 aut
600 3544 728 3613 honoreS,
740 3554 789 3600 aut
803 3543 918 3599 divitias
930 3550 1081 3616 ceperant;

177 3637 300 3697 quorum
324 3622 429 3698 partim
453 3621 616 3679 invitissimi
641 3630 737 3680 castra
760 3630 828 3680 sunt
854 3621 958 3691 secuti,
981 3619 1082 3697 partim
