<?xml version="1.0" encoding="UTF-8"?>
<!DOCTYPE html PUBLIC "-//W3C//DTD XHTML 1.0 Transitional//EN"
    "http://www.w3.org/TR/xhtml1/DTD/xhtml1-transitional.dtd">
<html xmlns="http://www.w3.org/1999/xhtml" xml:lang="en" lang="en">
 <head>
  <title>
</title>
<meta http-equiv="Content-Type" content="text/html;charset=utf-8" />
  <meta name='ocr-system' content='tesseract 3.04.00' />
  <meta name='ocr-capabilities' content='ocr_page ocr_carea ocr_par ocr_line ocrx_word'/>
</head>
<body>
  <div class='ocr_page' id='page_1' title='image "./corneliusneposw00nepogoog_0025.png"; bbox 0 0 2474 4080; ppageno 0'>
   <div class='ocr_carea' id='block_1_1' title="bbox 174 230 806 310">
    <p class='ocr_par' dir='ltr' id='par_1_1' title="bbox 174 230 806 310">
     <span class='ocr_line' id='line_1_1' title="bbox 174 230 806 310; baseline -0.005 -16"><span class='ocrx_word' id='word_1_1' title='bbox 174 235 216 294; x_wconf 79' lang='lat'>20</span> <span class='ocrx_word' id='word_1_2' title='bbox 448 230 508 293; x_wconf 91' lang='lat' dir='ltr'>Ill.</span> <span class='ocrx_word' id='word_1_3' title='bbox 542 239 569 293; x_wconf 94' lang='lat'>1.</span> <span class='ocrx_word' id='word_1_4' title='bbox 614 230 806 310; x_wconf 74' lang='lat' dir='ltr'>(Aristides.)</span> 
     </span>
    </p>
   </div>
   <div class='ocr_carea' id='block_1_2' title="bbox 140 375 1121 1548">
    <p class='ocr_par' dir='ltr' id='par_1_2' title="bbox 141 375 1082 844">
     <span class='ocr_line' id='line_1_2' title="bbox 141 375 1078 451; baseline 0.002 -18"><span class='ocrx_word' id='word_1_5' title='bbox 141 376 335 434; x_wconf 72' lang='lat' dir='ltr'>Sconstituit.</span> <span class='ocrx_word' id='word_1_6' title='bbox 384 375 516 451; x_wconf 90' lang='lat' dir='ltr'>Namque</span> <span class='ocrx_word' id='word_1_7' title='bbox 541 376 616 433; x_wconf 91' lang='lat' dir='ltr'>hanc</span> <span class='ocrx_word' id='word_1_8' title='bbox 642 378 741 432; x_wconf 90' lang='lat' dir='ltr'>urbem</span> <span class='ocrx_word' id='word_1_9' title='bbox 764 377 792 433; x_wconf 90' lang='lat' dir='ltr'>ei</span> <span class='ocrx_word' id='word_1_10' title='bbox 816 393 868 432; x_wconf 86' lang='lat' dir='ltr'>rex</span> <span class='ocrx_word' id='word_1_11' title='bbox 890 376 1017 447; x_wconf 90' lang='lat' dir='ltr'>donarat,</span> <span class='ocrx_word' id='word_1_12' title='bbox 1031 377 1078 435; x_wconf 81' lang='lat' dir='ltr'>his</span> 
     </span>
     <span class='ocr_line' id='line_1_3' title="bbox 178 454 1079 531; baseline 0.002 -21"><span class='ocrx_word' id='word_1_13' title='bbox 178 454 294 529; x_wconf 93' lang='lat' dir='ltr'>quidem</span> <span class='ocrx_word' id='word_1_14' title='bbox 302 455 415 511; x_wconf 85' lang='lat' dir='ltr'>verbis:</span> <span class='ocrx_word' id='word_1_15' title='bbox 438 474 500 529; x_wconf 88' lang='lat' dir='ltr'>quae</span> <span class='ocrx_word' id='word_1_16' title='bbox 515 456 544 511; x_wconf 90' lang='lat' dir='ltr'>ei</span> <span class='ocrx_word' id='word_1_17' title='bbox 557 474 662 530; x_wconf 91' lang='lat' dir='ltr'>panem</span> <span class='ocrx_word' id='word_1_18' title='bbox 677 456 817 530; x_wconf 70' lang='lat' dir='ltr'>praeberet</span> <span class='ocrx_word' id='word_1_19' title='bbox 828 457 878 531; x_wconf 88' lang='lat' dir='ltr'>(cx</span> <span class='ocrx_word' id='word_1_20' title='bbox 891 475 947 529; x_wconf 91' lang='lat' dir='ltr'>qua</span> <span class='ocrx_word' id='word_1_21' title='bbox 960 456 1079 531; x_wconf 82' lang='lat' dir='ltr'>regione</span> 
     </span>
     <span class='ocr_line' id='line_1_4' title="bbox 179 532 1080 610; baseline 0.002 -22"><span class='ocrx_word' id='word_1_22' title='bbox 179 532 383 607; x_wconf 81' lang='lat' dir='ltr'>quinquaginta</span> <span class='ocrx_word' id='word_1_23' title='bbox 403 533 510 589; x_wconf 89' lang='lat' dir='ltr'>talenta</span> <span class='ocrx_word' id='word_1_24' title='bbox 530 535 680 607; x_wconf 85' lang='lat' dir='ltr'>quotannis</span> <span class='ocrx_word' id='word_1_25' title='bbox 701 533 866 608; x_wconf 84' lang='lat' dir='ltr'>redibant);</span> <span class='ocrx_word' id='word_1_26' title='bbox 888 534 1080 610; x_wconf 87' lang='lat' dir='ltr'>Lampsacum</span> 
     </span>
     <span class='ocr_line' id='line_1_5' title="bbox 179 611 1081 687; baseline 0.003 -21"><span class='ocrx_word' id='word_1_27' title='bbox 179 622 283 680; x_wconf 89' lang='lat' dir='ltr'>autern,</span> <span class='ocrx_word' id='word_1_28' title='bbox 303 611 379 668; x_wconf 90' lang='lat' dir='ltr'>unde</span> <span class='ocrx_word' id='word_1_29' title='bbox 400 612 497 668; x_wconf 91' lang='lat' dir='ltr'>vinum</span> <span class='ocrx_word' id='word_1_30' title='bbox 517 622 660 681; x_wconf 86' lang='lat' dir='ltr'>sumeret;</span> <span class='ocrx_word' id='word_1_31' title='bbox 682 612 842 686; x_wconf 89' lang='lat' dir='ltr'>Myuntem,</span> <span class='ocrx_word' id='word_1_32' title='bbox 863 630 900 668; x_wconf 88' lang='lat' dir='ltr'>ex</span> <span class='ocrx_word' id='word_1_33' title='bbox 921 631 976 686; x_wconf 91' lang='lat' dir='ltr'>qua</span> <span class='ocrx_word' id='word_1_34' title='bbox 996 631 1081 687; x_wconf 93' lang='lat' dir='ltr'>opso-</span> 
     </span>
     <span class='ocr_line' id='line_1_6' title="bbox 179 689 1081 765; baseline 0.002 -21"><span class='ocrx_word' id='word_1_35' title='bbox 179 690 258 744; x_wconf 90' lang='lat' dir='ltr'>nium</span> <span class='ocrx_word' id='word_1_36' title='bbox 284 689 413 746; x_wconf 89' lang='lat' dir='ltr'>haberet.</span> <span class='ocrx_word' id='word_1_37' title='bbox 455 691 550 765; x_wconf 87' lang='lat' dir='ltr'>Hujus</span> <span class='ocrx_word' id='word_1_38' title='bbox 579 690 615 746; x_wconf 87' lang='lat' dir='ltr'>ad</span> <span class='ocrx_word' id='word_1_39' title='bbox 639 702 765 747; x_wconf 87' lang='lat' dir='ltr'>nostram</span> <span class='ocrx_word' id='word_1_40' title='bbox 790 692 956 747; x_wconf 82' lang='lat' dir='ltr'>memoriam</span> <span class='ocrx_word' id='word_1_41' title='bbox 983 709 1081 747; x_wconf 91' lang='lat' dir='ltr'>monu-</span> 
     </span>
     <span class='ocr_line' id='line_1_7' title="bbox 178 769 1082 844; baseline 0.004 -22"><span class='ocrx_word' id='word_1_42' title='bbox 178 779 275 823; x_wconf 90' lang='lat' dir='ltr'>menta</span> <span class='ocrx_word' id='word_1_43' title='bbox 296 779 462 824; x_wconf 89' lang='lat' dir='ltr'>manserunt</span> <span class='ocrx_word' id='word_1_44' title='bbox 482 769 554 826; x_wconf 94' lang='lat' dir='ltr'>duo:</span> <span class='ocrx_word' id='word_1_45' title='bbox 588 770 752 844; x_wconf 90' lang='lat' dir='ltr'>sepulcrum</span> <span class='ocrx_word' id='word_1_46' title='bbox 774 788 863 843; x_wconf 89' lang='lat' dir='ltr'>prope</span> <span class='ocrx_word' id='word_1_47' title='bbox 885 769 1029 844; x_wconf 88' lang='lat' dir='ltr'>oppidum,</span> <span class='ocrx_word' id='word_1_48' title='bbox 1051 769 1082 826; x_wconf 91' lang='lat' dir='ltr'>in</span> 
     </span>
    </p>

    <p class='ocr_par' dir='ltr' id='par_1_3' title="bbox 140 847 1121 1079">
     <span class='ocr_line' id='line_1_8' title="bbox 140 847 1121 922; baseline 0 -19"><span class='ocrx_word' id='word_1_49' title='bbox 140 850 159 903; x_wconf 85' lang='lat'>4</span> <span class='ocrx_word' id='word_1_50' title='bbox 180 863 234 919; x_wconf 93' lang='lat' dir='ltr'>quo</span> <span class='ocrx_word' id='word_1_51' title='bbox 250 856 295 902; x_wconf 91' lang='lat' dir='ltr'>est</span> <span class='ocrx_word' id='word_1_52' title='bbox 308 849 458 922; x_wconf 88' lang='lat' dir='ltr'>sepultus;</span> <span class='ocrx_word' id='word_1_53' title='bbox 480 858 579 909; x_wconf 84' lang='lat' dir='ltr'>statuae</span> <span class='ocrx_word' id='word_1_54' title='bbox 600 847 629 904; x_wconf 90' lang='lat' dir='ltr'>in</span> <span class='ocrx_word' id='word_1_55' title='bbox 644 847 704 903; x_wconf 91' lang='lat' dir='ltr'>soro</span> <span class='ocrx_word' id='word_1_56' title='bbox 726 847 896 922; x_wconf 78' lang='lat' dir='ltr'>Magnesia.</span> <span class='ocrx_word' id='word_1_57' title='bbox 938 847 983 904; x_wconf 91' lang='lat' dir='ltr'>De</span> <span class='ocrx_word' id='word_1_58' title='bbox 999 848 1081 922; x_wconf 88' lang='lat' dir='ltr'>cujus</span> <span class='ocrx_word' id='word_1_59' title='bbox 1108 852 1121 875; x_wconf 89' lang='lat'>&#39;‘</span> 
     </span>
     <span class='ocr_line' id='line_1_9' title="bbox 178 925 1081 1001; baseline 0.001 -22"><span class='ocrx_word' id='word_1_60' title='bbox 178 935 269 980; x_wconf 89' lang='lat' dir='ltr'>morte</span> <span class='ocrx_word' id='word_1_61' title='bbox 283 926 457 983; x_wconf 88' lang='lat' dir='ltr'>multimodis</span> <span class='ocrx_word' id='word_1_62' title='bbox 472 925 547 1001; x_wconf 94' lang='lat' dir='ltr'>apud</span> <span class='ocrx_word' id='word_1_63' title='bbox 560 926 712 1001; x_wconf 90' lang='lat' dir='ltr'>plerosque</span> <span class='ocrx_word' id='word_1_64' title='bbox 727 927 865 1000; x_wconf 88' lang='lat' dir='ltr'>scriptum</span> <span class='ocrx_word' id='word_1_65' title='bbox 879 935 941 982; x_wconf 90' lang='lat' dir='ltr'>est:</span> <span class='ocrx_word' id='word_1_66' title='bbox 960 925 1014 981; x_wconf 84' lang='lat' dir='ltr'>sed</span> <span class='ocrx_word' id='word_1_67' title='bbox 1027 943 1081 983; x_wconf 92' lang='lat' dir='ltr'>nos</span> 
     </span>
     <span class='ocr_line' id='line_1_10' title="bbox 180 1003 1082 1079; baseline 0.002 -21"><span class='ocrx_word' id='word_1_68' title='bbox 180 1003 313 1059; x_wconf 91' lang='lat' dir='ltr'>eumdem</span> <span class='ocrx_word' id='word_1_69' title='bbox 332 1004 514 1077; x_wconf 82' lang='lat' dir='ltr'>potissimum</span> <span class='ocrx_word' id='word_1_70' title='bbox 534 1003 738 1078; x_wconf 86' lang='lat' dir='ltr'>Thucydidem</span> <span class='ocrx_word' id='word_1_71' title='bbox 758 1013 904 1059; x_wconf 87' lang='lat' dir='ltr'>auctorem</span> <span class='ocrx_word' id='word_1_72' title='bbox 920 1004 1082 1079; x_wconf 87' lang='lat' dir='ltr'>probamus,</span> 
     </span>
    </p>

    <p class='ocr_par' dir='ltr' id='par_1_4' title="bbox 185 1081 1083 1312">
     <span class='ocr_line' id='line_1_11' title="bbox 212 1081 1081 1162; baseline 0 -24"><span class='ocrx_word' id='word_1_73' title='bbox 212 1124 248 1162; x_wconf 73' lang='lat'>4„</span> <span class='ocrx_word' id='word_1_74' title='bbox 299 1082 347 1155; x_wconf 94' lang='lat' dir='ltr'>qui</span> <span class='ocrx_word' id='word_1_75' title='bbox 362 1083 443 1139; x_wconf 91' lang='lat' dir='ltr'>illum</span> <span class='ocrx_word' id='word_1_76' title='bbox 463 1082 503 1137; x_wconf 88' lang='lat' dir='ltr'>ait</span> <span class='ocrx_word' id='word_1_77' title='bbox 523 1082 684 1156; x_wconf 75' lang='lat' dir='ltr'>Magnesia</span> <span class='ocrx_word' id='word_1_78' title='bbox 704 1081 802 1136; x_wconf 92' lang='lat' dir='ltr'>morbo</span> <span class='ocrx_word' id='word_1_79' title='bbox 822 1092 971 1150; x_wconf 90' lang='lat' dir='ltr'>mortuum,</span> <span class='ocrx_word' id='word_1_80' title='bbox 986 1100 1081 1155; x_wconf 90' lang='lat' dir='ltr'>neque</span> 
     </span>
     <span class='ocr_line' id='line_1_12' title="bbox 185 1159 1082 1235; baseline -0.007 -14"><span class='ocrx_word' id='word_1_81' title='bbox 185 1172 276 1221; x_wconf 61' lang='grc'>(81·465)</span> <span class='ocrx_word' id='word_1_82' title='bbox 298 1159 1082 1235; x_wconf 85' lang='lat' dir='ltr'>negat‚fuissesamam,venenumsuaspontesumsisse,</span> 
     </span>
     <span class='ocr_line' id='line_1_13' title="bbox 186 1221 1083 1312; baseline 0.001 -19"><span class='ocrx_word' id='word_1_83' title='bbox 186 1231 206 1259; x_wconf 70' lang='lat'>⁵·</span> <span class='ocrx_word' id='word_1_84' title='bbox 219 1221 242 1259; x_wconf 83' lang='lat'>⁰·</span> <span class='ocrx_word' id='word_1_85' title='bbox 255 1231 277 1259; x_wconf 73' lang='lat'>&#39;¹&#39;</span> <span class='ocrx_word' id='word_1_86' title='bbox 298 1257 385 1311; x_wconf 92' lang='lat' dir='ltr'>quum</span> <span class='ocrx_word' id='word_1_87' title='bbox 399 1257 442 1306; x_wconf 89' lang='lat' dir='ltr'>se,</span> <span class='ocrx_word' id='word_1_88' title='bbox 457 1257 518 1310; x_wconf 87' lang='lat' dir='ltr'>quae</span> <span class='ocrx_word' id='word_1_89' title='bbox 532 1238 595 1312; x_wconf 88' lang='lat' dir='ltr'>regi</span> <span class='ocrx_word' id='word_1_90' title='bbox 610 1237 646 1293; x_wconf 88' lang='lat' dir='ltr'>de</span> <span class='ocrx_word' id='word_1_91' title='bbox 666 1236 779 1293; x_wconf 88' lang='lat' dir='ltr'>Graecia</span> <span class='ocrx_word' id='word_1_92' title='bbox 799 1237 986 1312; x_wconf 90' lang='lat' dir='ltr'>opprimenda</span> <span class='ocrx_word' id='word_1_93' title='bbox 999 1238 1083 1312; x_wconf 91' lang='lat' dir='ltr'>polli-</span> 
     </span>
    </p>

    <p class='ocr_par' dir='ltr' id='par_1_5' title="bbox 140 1312 1083 1548">
     <span class='ocr_line' id='line_1_14' title="bbox 140 1312 1082 1391; baseline -0.002 -17"><span class='ocrx_word' id='word_1_94' title='bbox 140 1323 157 1374; x_wconf 87' lang='lat'>5</span> <span class='ocrx_word' id='word_1_95' title='bbox 180 1319 253 1374; x_wconf 90' lang='lat' dir='ltr'>citus</span> <span class='ocrx_word' id='word_1_96' title='bbox 270 1312 358 1384; x_wconf 67' lang='lat' dir='ltr'>esset,</span> <span class='ocrx_word' id='word_1_97' title='bbox 372 1328 507 1390; x_wconf 85' lang='lat' dir='ltr'>praestare</span> <span class='ocrx_word' id='word_1_98' title='bbox 521 1334 609 1390; x_wconf 85' lang='lat' dir='ltr'>posse</span> <span class='ocrx_word' id='word_1_99' title='bbox 624 1314 801 1389; x_wconf 86' lang='lat' dir='ltr'>desperaret.</span> <span class='ocrx_word' id='word_1_100' title='bbox 836 1315 927 1384; x_wconf 92' lang='lat' dir='ltr'>Idem,</span> <span class='ocrx_word' id='word_1_101' title='bbox 939 1334 1007 1371; x_wconf 90' lang='lat' dir='ltr'>ossa</span> <span class='ocrx_word' id='word_1_102' title='bbox 1019 1317 1082 1391; x_wconf 86' lang='lat' dir='ltr'>ejus</span> 
     </span>
     <span class='ocr_line' id='line_1_15' title="bbox 180 1393 1083 1468; baseline -0.006 -15"><span class='ocrx_word' id='word_1_103' title='bbox 180 1398 255 1453; x_wconf 93' lang='lat' dir='ltr'>clam</span> <span class='ocrx_word' id='word_1_104' title='bbox 269 1397 298 1451; x_wconf 90' lang='lat' dir='ltr'>in</span> <span class='ocrx_word' id='word_1_105' title='bbox 313 1394 409 1450; x_wconf 87' lang='lat' dir='ltr'>Attica</span> <span class='ocrx_word' id='word_1_106' title='bbox 424 1395 458 1450; x_wconf 96' lang='lat' dir='ltr'>ab</span> <span class='ocrx_word' id='word_1_107' title='bbox 480 1394 581 1450; x_wconf 90' lang='lat' dir='ltr'>amicis</span> <span class='ocrx_word' id='word_1_108' title='bbox 602 1394 724 1467; x_wconf 90' lang='lat' dir='ltr'>sepulta,</span> <span class='ocrx_word' id='word_1_109' title='bbox 739 1393 872 1465; x_wconf 91' lang='lat' dir='ltr'>quoniam</span> <span class='ocrx_word' id='word_1_110' title='bbox 891 1393 1005 1468; x_wconf 91' lang='lat' dir='ltr'>legibus</span> <span class='ocrx_word' id='word_1_111' title='bbox 1024 1411 1083 1449; x_wconf 91' lang='lat' dir='ltr'>non</span> 
     </span>
     <span class='ocr_line' id='line_1_16' title="bbox 180 1471 1082 1548; baseline -0.006 -17"><span class='ocrx_word' id='word_1_112' title='bbox 180 1475 396 1542; x_wconf 85' lang='lat' dir='ltr'>concederetur,</span> <span class='ocrx_word' id='word_1_113' title='bbox 407 1473 482 1546; x_wconf 91' lang='lat' dir='ltr'>quod</span> <span class='ocrx_word' id='word_1_114' title='bbox 496 1471 665 1548; x_wconf 87' lang='lat' dir='ltr'>proditionis</span> <span class='ocrx_word' id='word_1_115' title='bbox 680 1482 760 1528; x_wconf 91' lang='lat' dir='ltr'>esset</span> <span class='ocrx_word' id='word_1_116' title='bbox 769 1471 927 1542; x_wconf 90' lang='lat' dir='ltr'>damnatus,</span> <span class='ocrx_word' id='word_1_117' title='bbox 938 1471 1082 1528; x_wconf 80' lang='lat' dir='ltr'>memoriae</span> 
     </span>
    </p>
   </div>
   <div class='ocr_carea' id='block_1_3' title="bbox 178 1552 312 1628">
    <p class='ocr_par' dir='ltr' id='par_1_6' title="bbox 178 1552 312 1628">
     <span class='ocr_line' id='line_1_17' title="bbox 178 1552 312 1628; baseline 0 -20"><span class='ocrx_word' id='word_1_118' title='bbox 178 1552 312 1628; x_wconf 90' lang='lat' dir='ltr'>prodidit.</span> 
     </span>
    </p>
   </div>
   <div class='ocr_carea' id='block_1_4' title="bbox 492 1734 746 1746">
    <p class='ocr_par' dir='ltr' id='par_1_7' title="bbox 492 1734 746 1746">
     <span class='ocr_line' id='line_1_18' title="bbox 492 1734 746 1746; baseline 0 -2"><span class='ocrx_word' id='word_1_119' title='bbox 492 1734 746 1746; x_wconf 78' lang='lat'>——-..</span> 
     </span>
    </p>
   </div>
   <div class='ocr_carea' id='block_1_5' title="bbox 308 1858 1000 1990">
    <p class='ocr_par' dir='ltr' id='par_1_8' title="bbox 308 1858 1000 1990">
     <span class='ocr_line' id='line_1_19' title="bbox 308 1858 1000 1990; baseline 0.003 -2"><span class='ocrx_word' id='word_1_120' title='bbox 308 1913 409 1988; x_wconf 90' lang='lat'>111.</span> <span class='ocrx_word' id='word_1_121' title='bbox 468 1909 913 1990; x_wconf 77' lang='lat' dir='ltr'>aarsrtons.</span> <span class='ocrx_word' id='word_1_122' title='bbox 995 1858 1000 1866; x_wconf 37' lang='lat'>⁵</span> 
     </span>
    </p>
   </div>
   <div class='ocr_carea' id='block_1_6' title="bbox 457 2183 768 2241">
    <p class='ocr_par' dir='ltr' id='par_1_9' title="bbox 457 2183 768 2241">
     <span class='ocr_line' id='line_1_20' title="bbox 457 2183 768 2241; baseline 0 -1"><span class='ocrx_word' id='word_1_123' title='bbox 457 2183 768 2241; x_wconf 84' lang='lat' dir='ltr'>ARGUMENTUM.</span> 
     </span>
    </p>
   </div>
   <div class='ocr_carea' id='block_1_7' title="bbox 185 2336 1083 2654">
    <p class='ocr_par' dir='ltr' id='par_1_10' title="bbox 185 2336 1083 2654">
     <span class='ocr_line' id='line_1_21' title="bbox 185 2336 1083 2407; baseline 0.002 -10"><span class='ocrx_word' id='word_1_124' title='bbox 185 2339 282 2397; x_wconf 80' lang='lat' dir='ltr'>GAP.</span> <span class='ocrx_word' id='word_1_125' title='bbox 297 2337 324 2396; x_wconf 93' lang='grc' dir='ltr'>Ῑ.</span> <span class='ocrx_word' id='word_1_126' title='bbox 360 2336 500 2398; x_wconf 82' lang='lat' dir='ltr'>AEmulus</span> <span class='ocrx_word' id='word_1_127' title='bbox 518 2338 732 2407; x_wconf 75' lang='lat' dir='ltr'>Themistoclis;</span> <span class='ocrx_word' id='word_1_128' title='bbox 753 2340 886 2396; x_wconf 83' lang='lat' dir='ltr'>multatur</span> <span class='ocrx_word' id='word_1_129' title='bbox 899 2341 1006 2398; x_wconf 71' lang='lat' dir='ltr'>exsilio.</span> <span class='ocrx_word' id='word_1_130' title='bbox 1039 2340 1083 2399; x_wconf 89' lang='grc' dir='ltr'>ΙῙ.</span> 
     </span>
     <span class='ocr_line' id='line_1_22' title="bbox 221 2417 1083 2494; baseline 0.003 -20"><span class='ocrx_word' id='word_1_131' title='bbox 221 2420 297 2475; x_wconf 83' lang='lat' dir='ltr'>Ante</span> <span class='ocrx_word' id='word_1_132' title='bbox 321 2428 426 2494; x_wconf 71' lang='lat' dir='ltr'>tempus</span> <span class='ocrx_word' id='word_1_133' title='bbox 450 2429 610 2485; x_wconf 86' lang='lat' dir='ltr'>revocatnr;</span> <span class='ocrx_word' id='word_1_134' title='bbox 638 2430 742 2494; x_wconf 81' lang='lat' dir='ltr'>prator</span> <span class='ocrx_word' id='word_1_135' title='bbox 765 2429 859 2475; x_wconf 87' lang='lat' dir='ltr'>contra</span> <span class='ocrx_word' id='word_1_136' title='bbox 886 2417 1083 2489; x_wconf 65' lang='lat' dir='ltr'>Mardonium</span> 
     </span>
     <span class='ocr_line' id='line_1_23' title="bbox 221 2496 1083 2576; baseline 0.002 -23"><span class='ocrx_word' id='word_1_137' title='bbox 221 2497 363 2572; x_wconf 81' lang='lat' dir='ltr'>imperium</span> <span class='ocrx_word' id='word_1_138' title='bbox 370 2498 588 2555; x_wconf 80' lang='lat' dir='ltr'>Atheniensibus</span> <span class='ocrx_word' id='word_1_139' title='bbox 594 2497 729 2555; x_wconf 83' lang='lat' dir='ltr'>conciliat.</span> <span class='ocrx_word' id='word_1_140' title='bbox 759 2497 821 2554; x_wconf 90' lang='lat' dir='ltr'>III.</span> <span class='ocrx_word' id='word_1_141' title='bbox 834 2496 956 2555; x_wconf 83' lang='lat' dir='ltr'>AErart&#39;o</span> <span class='ocrx_word' id='word_1_142' title='bbox 964 2509 1083 2576; x_wconf 53' lang='lat' dir='ltr'>praesu</span> 
     </span>
     <span class='ocr_line' id='line_1_24' title="bbox 217 2579 461 2654; baseline 0.016 -24"><span class='ocrx_word' id='word_1_143' title='bbox 217 2595 325 2654; x_wconf 78' lang='lat' dir='ltr'>pauper</span> <span class='ocrx_word' id='word_1_144' title='bbox 337 2579 461 2634; x_wconf 77' lang='lat' dir='ltr'>moritur.</span> 
     </span>
    </p>
   </div>
   <div class='ocr_carea' id='block_1_8' title="bbox 144 2732 1086 3592">
    <p class='ocr_par' dir='ltr' id='par_1_11' title="bbox 144 2732 1086 3592">
     <span class='ocr_line' id='line_1_25' title="bbox 146 2732 1084 2810; baseline -0.001 -19"><span class='ocrx_word' id='word_1_145' title='bbox 146 2737 159 2791; x_wconf 94' lang='lat' dir='ltr'>l</span> <span class='ocrx_word' id='word_1_146' title='bbox 223 2735 248 2793; x_wconf 92' lang='grc' dir='ltr'>Ι.</span> <span class='ocrx_word' id='word_1_147' title='bbox 269 2733 423 2804; x_wconf 86' lang='lat' dir='ltr'>Aristides,</span> <span class='ocrx_word' id='word_1_148' title='bbox 445 2734 614 2810; x_wconf 88' lang='lat' dir='ltr'>Lysimachi</span> <span class='ocrx_word' id='word_1_149' title='bbox 638 2734 726 2806; x_wconf 91' lang='lat' dir='ltr'>filius,</span> <span class='ocrx_word' id='word_1_150' title='bbox 746 2732 945 2804; x_wconf 87' lang='lat' dir='ltr'>Atheniensis,</span> <span class='ocrx_word' id='word_1_151' title='bbox 966 2733 1084 2808; x_wconf 78' lang='lat' dir='ltr'>aqualis</span> 
     </span>
     <span class='ocr_line' id='line_1_26' title="bbox 183 2812 1085 2888; baseline -0.001 -19"><span class='ocrx_word' id='word_1_152' title='bbox 183 2812 244 2870; x_wconf 83' lang='lat' dir='ltr'>fere</span> <span class='ocrx_word' id='word_1_153' title='bbox 258 2813 311 2870; x_wconf 87' lang='lat' dir='ltr'>suit</span> <span class='ocrx_word' id='word_1_154' title='bbox 324 2814 527 2871; x_wconf 87' lang='lat' dir='ltr'>Themistocli.</span> <span class='ocrx_word' id='word_1_155' title='bbox 562 2815 661 2887; x_wconf 88' lang='lat' dir='ltr'>Itaque</span> <span class='ocrx_word' id='word_1_156' title='bbox 674 2832 739 2870; x_wconf 88' lang='lat' dir='ltr'>cum</span> <span class='ocrx_word' id='word_1_157' title='bbox 750 2832 786 2869; x_wconf 91' lang='lat' dir='ltr'>eo</span> <span class='ocrx_word' id='word_1_158' title='bbox 798 2812 833 2869; x_wconf 90' lang='lat' dir='ltr'>de</span> <span class='ocrx_word' id='word_1_159' title='bbox 845 2813 1007 2888; x_wconf 90' lang='lat' dir='ltr'>principatu</span> <span class='ocrx_word' id='word_1_160' title='bbox 1017 2831 1085 2868; x_wconf 91' lang='lat' dir='ltr'>con-</span> 
     </span>
     <span class='ocr_line' id='line_1_27' title="bbox 144 2891 1085 2964; baseline -0.003 -17"><span class='ocrx_word' id='word_1_161' title='bbox 144 2892 291 2948; x_wconf 83' lang='lat' dir='ltr'>2tendit:</span> <span class='ocrx_word' id='word_1_162' title='bbox 322 2910 444 2964; x_wconf 91' lang='lat' dir='ltr'>namque</span> <span class='ocrx_word' id='word_1_163' title='bbox 467 2893 659 2947; x_wconf 88' lang='lat' dir='ltr'>obtrectarunt</span> <span class='ocrx_word' id='word_1_164' title='bbox 680 2891 755 2947; x_wconf 90' lang='lat' dir='ltr'>inter</span> <span class='ocrx_word' id='word_1_165' title='bbox 776 2909 819 2946; x_wconf 93' lang='lat' dir='ltr'>se.</span> <span class='ocrx_word' id='word_1_166' title='bbox 861 2891 896 2947; x_wconf 92' lang='lat' dir='ltr'>ln</span> <span class='ocrx_word' id='word_1_167' title='bbox 919 2891 966 2946; x_wconf 91' lang='lat' dir='ltr'>his</span> <span class='ocrx_word' id='word_1_168' title='bbox 990 2903 1085 2945; x_wconf 92' lang='lat' dir='ltr'>autem</span> 
     </span>
     <span class='ocr_line' id='line_1_28' title="bbox 185 2967 1083 3045; baseline -0.003 -20"><span class='ocrx_word' id='word_1_169' title='bbox 185 2969 330 3043; x_wconf 88' lang='lat' dir='ltr'>cognitum</span> <span class='ocrx_word' id='word_1_170' title='bbox 346 2979 399 3037; x_wconf 80' lang='lat' dir='ltr'>est,</span> <span class='ocrx_word' id='word_1_171' title='bbox 414 2980 518 3041; x_wconf 90' lang='lat' dir='ltr'>quanto</span> <span class='ocrx_word' id='word_1_172' title='bbox 542 2976 699 3024; x_wconf 80' lang='lat' dir='ltr'>antestaret</span> <span class='ocrx_word' id='word_1_173' title='bbox 719 2967 886 3045; x_wconf 82' lang='lat' dir='ltr'>eloquentia¹</span> <span class='ocrx_word' id='word_1_174' title='bbox 902 2967 1083 3023; x_wconf 77' lang='lat' dir='ltr'>innocentiae.</span> 
     </span>
     <span class='ocr_line' id='line_1_29' title="bbox 186 3043 1084 3120; baseline -0.004 -17"><span class='ocrx_word' id='word_1_175' title='bbox 186 3047 365 3120; x_wconf 88' lang='lat' dir='ltr'>Quamquam</span> <span class='ocrx_word' id='word_1_176' title='bbox 378 3047 455 3103; x_wconf 89' lang='lat' dir='ltr'>enim</span> <span class='ocrx_word' id='word_1_177' title='bbox 474 3046 547 3102; x_wconf 90' lang='lat' dir='ltr'>adeo</span> <span class='ocrx_word' id='word_1_178' title='bbox 567 3045 729 3101; x_wconf 88' lang='lat' dir='ltr'>excellebat</span> <span class='ocrx_word' id='word_1_179' title='bbox 744 3043 888 3100; x_wconf 85' lang='lat' dir='ltr'>Aristides</span> <span class='ocrx_word' id='word_1_180' title='bbox 903 3044 1084 3113; x_wconf 89' lang='lat' dir='ltr'>abstinentia,</span> 
     </span>
     <span class='ocr_line' id='line_1_30' title="bbox 217 3121 1083 3211; baseline 0.002 -31"><span class='ocrx_word' id='word_1_181' title='bbox 217 3172 254 3211; x_wconf 57' lang='lat'>485</span> <span class='ocrx_word' id='word_1_182' title='bbox 302 3134 333 3180; x_wconf 93' lang='lat' dir='ltr'>ut</span> <span class='ocrx_word' id='word_1_183' title='bbox 346 3143 419 3181; x_wconf 87' lang='lat' dir='ltr'>unus</span> <span class='ocrx_word' id='word_1_184' title='bbox 433 3135 499 3200; x_wconf 90' lang='lat' dir='ltr'>post</span> <span class='ocrx_word' id='word_1_185' title='bbox 518 3122 665 3181; x_wconf 90' lang='lat' dir='ltr'>hominum</span> <span class='ocrx_word' id='word_1_186' title='bbox 684 3121 859 3191; x_wconf 91' lang='lat' dir='ltr'>memoriam,</span> <span class='ocrx_word' id='word_1_187' title='bbox 874 3122 949 3195; x_wconf 91' lang='lat' dir='ltr'>quod</span> <span class='ocrx_word' id='word_1_188' title='bbox 969 3121 1083 3195; x_wconf 86' lang='lat' dir='ltr'>quidem</span> 
     </span>
     <span class='ocr_line' id='line_1_31' title="bbox 194 3199 1082 3277; baseline -0.002 -17"><span class='ocrx_word' id='word_1_189' title='bbox 194 3223 230 3266; x_wconf 77' lang='lat' dir='ltr'>(n.</span> <span class='ocrx_word' id='word_1_190' title='bbox 239 3221 283 3269; x_wconf 78' lang='lat' dir='ltr'>rat)</span> <span class='ocrx_word' id='word_1_191' title='bbox 303 3221 356 3260; x_wconf 91' lang='lat' dir='ltr'>nos</span> <span class='ocrx_word' id='word_1_192' title='bbox 368 3202 552 3271; x_wconf 89' lang='lat' dir='ltr'>audierimus,</span> <span class='ocrx_word' id='word_1_193' title='bbox 564 3199 734 3277; x_wconf 79' lang='lat' dir='ltr'>cognomine</span> <span class='ocrx_word' id='word_1_194' title='bbox 746 3200 844 3257; x_wconf 90' lang='lat' dir='ltr'>Justus</span> <span class='ocrx_word' id='word_1_195' title='bbox 856 3200 894 3256; x_wconf 93' lang='lat' dir='ltr'>sit</span> <span class='ocrx_word' id='word_1_196' title='bbox 905 3201 1082 3275; x_wconf 91' lang='lat' dir='ltr'>appellatus.</span> 
     </span>
     <span class='ocr_line' id='line_1_32' title="bbox 190 3271 1085 3350; baseline -0.001 -13"><span class='ocrx_word' id='word_1_197' title='bbox 190 3281 210 3310; x_wconf 47' lang='grc' dir='ltr'>ι</span> <span class='ocrx_word' id='word_1_198' title='bbox 223 3271 247 3309; x_wconf 81' lang='lat'>⁰·</span> <span class='ocrx_word' id='word_1_199' title='bbox 260 3280 281 3308; x_wconf 90' lang='lat'>¹¹·</span> <span class='ocrx_word' id='word_1_200' title='bbox 303 3291 408 3350; x_wconf 89' lang='lat' dir='ltr'>tamen,</span> <span class='ocrx_word' id='word_1_201' title='bbox 422 3298 441 3339; x_wconf 83' lang='lat' dir='ltr'>a</span> <span class='ocrx_word' id='word_1_202' title='bbox 459 3279 660 3339; x_wconf 88' lang='lat' dir='ltr'>Themistocle</span> <span class='ocrx_word' id='word_1_203' title='bbox 682 3277 896 3346; x_wconf 88' lang='lat' dir='ltr'>collabefactus,</span> <span class='ocrx_word' id='word_1_204' title='bbox 916 3279 1021 3335; x_wconf 75' lang='lat' dir='ltr'>testula</span> <span class='ocrx_word' id='word_1_205' title='bbox 1035 3278 1085 3336; x_wconf 78' lang='lat' dir='ltr'>ille</span> 
     </span>
     <span class='ocr_line' id='line_1_33' title="bbox 146 3357 1086 3430; baseline -0.011 -8"><span class='ocrx_word' id='word_1_206' title='bbox 146 3368 164 3422; x_wconf 87' lang='grc'><strong>3</strong></span> <span class='ocrx_word' id='word_1_207' title='bbox 186 3363 290 3420; x_wconf 88' lang='lat' dir='ltr'>exsilio</span> <span class='ocrx_word' id='word_1_208' title='bbox 305 3359 409 3417; x_wconf 90' lang='lat' dir='ltr'>decem</span> <span class='ocrx_word' id='word_1_209' title='bbox 416 3376 554 3417; x_wconf 81' lang='lat' dir='ltr'>annorum</span> <span class='ocrx_word' id='word_1_210' title='bbox 569 3358 703 3414; x_wconf 87' lang='lat' dir='ltr'>multatus</span> <span class='ocrx_word' id='word_1_211' title='bbox 719 3367 772 3414; x_wconf 91' lang='lat' dir='ltr'>est.</span> <span class='ocrx_word' id='word_1_212' title='bbox 805 3357 863 3422; x_wconf 91' lang='lat' dir='ltr'>Qui</span> <span class='ocrx_word' id='word_1_213' title='bbox 874 3357 989 3430; x_wconf 92' lang='lat' dir='ltr'>quidem</span> <span class='ocrx_word' id='word_1_214' title='bbox 1000 3375 1086 3430; x_wconf 90' lang='lat' dir='ltr'>quum</span> 
     </span>
     <span class='ocr_line' id='line_1_34' title="bbox 185 3435 1085 3515; baseline -0.008 -17"><span class='ocrx_word' id='word_1_215' title='bbox 185 3441 276 3499; x_wconf 87' lang='lat' dir='ltr'>intellr</span> <span class='ocrx_word' id='word_1_216' title='bbox 279 3448 370 3515; x_wconf 89' lang='lat' dir='ltr'>geret,</span> <span class='ocrx_word' id='word_1_217' title='bbox 380 3436 497 3513; x_wconf 88' lang='lat' dir='ltr'>reprimi</span> <span class='ocrx_word' id='word_1_218' title='bbox 510 3437 682 3493; x_wconf 90' lang='lat' dir='ltr'>concitatam</span> <span class='ocrx_word' id='word_1_219' title='bbox 695 3435 903 3493; x_wconf 90' lang='lat' dir='ltr'>multitudinem</span> <span class='ocrx_word' id='word_1_220' title='bbox 916 3453 972 3490; x_wconf 92' lang='lat' dir='ltr'>non</span> <span class='ocrx_word' id='word_1_221' title='bbox 987 3453 1085 3509; x_wconf 90' lang='lat' dir='ltr'>posse,</span> 
     </span>
     <span class='ocr_line' id='line_1_35' title="bbox 186 3514 1085 3592; baseline -0.007 -15"><span class='ocrx_word' id='word_1_222' title='bbox 186 3514 1085 3592; x_wconf 75' lang='lat' dir='ltr'>cedensqueanimadvertissetquemdamscribentem,utpatria</span> 
     </span>
    </p>
   </div>
   <div class='ocr_carea' id='block_1_9' title="bbox 184 3591 1085 3677">
    <p class='ocr_par' dir='ltr' id='par_1_12' title="bbox 184 3591 1085 3677">
     <span class='ocr_line' id='line_1_36' title="bbox 184 3591 1085 3677; baseline -0.007 -20"><span class='ocrx_word' id='word_1_223' title='bbox 184 3598 350 3677; x_wconf 88' lang='lat' dir='ltr'>pelleretur,</span> <span class='ocrx_word' id='word_1_224' title='bbox 364 3594 504 3672; x_wconf 79' lang='lat' dir='ltr'>quaerisse</span> <span class='ocrx_word' id='word_1_225' title='bbox 525 3596 560 3651; x_wconf 89' lang='lat' dir='ltr'>ab</span> <span class='ocrx_word' id='word_1_226' title='bbox 576 3611 611 3652; x_wconf 91' lang='lat' dir='ltr'>eo</span> <span class='ocrx_word' id='word_1_227' title='bbox 631 3593 744 3665; x_wconf 89' lang='lat' dir='ltr'>dicitur,</span> <span class='ocrx_word' id='word_1_228' title='bbox 757 3611 843 3669; x_wconf 89' lang='lat' dir='ltr'>quare</span> <span class='ocrx_word' id='word_1_229' title='bbox 862 3591 892 3650; x_wconf 92' lang='lat' dir='ltr'>id</span> <span class='ocrx_word' id='word_1_230' title='bbox 905 3591 1023 3663; x_wconf 87' lang='lat' dir='ltr'>faceret,</span> <span class='ocrx_word' id='word_1_231' title='bbox 1038 3602 1085 3651; x_wconf 88' lang='lat' dir='ltr'>aut</span> 
     </span>
    </p>
   </div>
   <div class='ocr_carea' id='block_1_10' title="bbox 0 0 1255 4080">
    <p class='ocr_par' dir='ltr' id='par_1_13' title="bbox 0 0 1255 4080">
     <span class='ocr_line' id='line_1_37' title="bbox 0 0 1255 4080; baseline 0 0"><span class='ocrx_word' id='word_1_232' title='bbox 0 0 1255 4080; x_wconf 95' lang='lat' dir='ltr'> </span> 
     </span>
    </p>
   </div>
  </div>
 </body>
</html>
