2474 4080
427 266 555 331 1114.
605 268 839 367 (aratura),
1032 275 1071 335 ar

172 413 251 472 enim
264 412 437 470 liberalitate
452 414 630 483 devinxerat,
644 415 741 490 plures
756 415 950 490 etiam‘opera
966 413 1075 473 forensi

171 511 241 550 suos
255 492 428 548 reddiderat.
470 492 567 557 Quare
582 493 676 561 fiebat,
690 504 721 549 ut
737 493 862 550 omnium
882 495 991 563 oculos,
1006 512 1075 568 quo·
1094 498 1114 552 5

170 571 352 643 tiescumque
376 570 407 625 in
430 570 576 644 publicum
599 572 752 644 prodisset,
774 571 809 627 ad
831 591 864 628 se
886 581 1074 643 converteret,

170 667 266 723 neque
282 649 311 704 ei
335 667 386 721 par
409 649 558 721 quisquam
581 648 610 704 in
633 650 747 705 civitate
772 660 933 724 poneretur.
974 651 1074 723 Itaque

170 744 230 794 non
244 726 337 782 solum
352 745 434 800 spem
452 727 482 781 in
498 745 533 792 eo
557 726 700 782 habebant
722 728 884 795 maximam,
908 727 962 783 sed
987 729 1074 785 etiarn

170 805 313 873 timorem,
327 805 403 877 qnod
417 814 445 860 et
465 806 570 860 obesse
585 805 737 877 plurimum
751 816 780 861 et
799 805 938 878 prodesse
952 815 1073 878 poterat.

172 883 409 959 Adspergebatur
423 883 509 938 etiam
530 882 655 950 infamia,
669 883 744 955 quod
768 883 798 938 in
812 883 896 939 domo
910 902 963 938 sua
976 883 1072 939 sacere
1094 886 1112 941 6

172 961 311 1035 mysteria
335 960 498 1017 dicebatur:
533 961 608 1032 quod
629 961 711 1016 nefas
735 971 795 1016 erat
815 979 894 1017 more
917 960 1075 1017 Athenien·

172 1038 267 1107 sium;
300 1038 385 1111 idque
410 1056 468 1093 non
482 1039 519 1094 ad
538 1039 717 1112 religionem,
732 1039 786 1094 sed
799 1039 835 1095 ad
850 1039 1074 1115 conjurationem

170 1117 316 1193 pertinere
333 1116 555 1172 existimabatur.

213 1194 266 1250 IV.
290 1195 356 1250 Hoc
377 1194 496 1250 crimine
518 1194 548 1249 in
568 1194 708 1250 concione
723 1195 757 1250 ab
779 1194 904 1251 inimicis
919 1193 1074 1269 compella·
1095 1197 1110 1252 1

171 1273 262 1328 batur.
306 1273 366 1328 Sed
390 1271 514 1328 instabat
538 1283 650 1346 tempus
672 1273 708 1327 ad
729 1274 835 1329 bellum
858 1272 1072 1347 proficiscendi.

173 1350 208 1406 Id
229 1351 278 1406 ille
293 1350 525 1422 impensaeque
547 1351 681 1424 ignoraus
697 1350 802 1406 civium
822 1369 938 1406 suorum
952 1368 1074 1406 consue·

171 1427 309 1496 tudinem,
323 1429 493 1502 postulabat,
509 1428 534 1482 si
549 1428 665 1501 quidde
681 1447 714 1483 se
730 1429 776 1502 agi
796 1430 912 1496 vellent,
926 1428 1020 1503 potius
1036 1427 1073 1483 de

171 1517 313 1580 praesente
328 1506 446 1578 quaestio
470 1506 632 1574 haberetur,
647 1525 730 1578 quam
751 1508 855 1562 absens
880 1506 994 1562 invidiae
1019 1505 1074 1560 cri·

172 1585 250 1640 mine
273 1598 464 1640 accusaretur.
506 1584 620 1640 Inimici
634 1602 702 1639 vero
728 1585 789 1659 ejus
811 1584 1019 1657 quiescendum
1042 1583 1111 1639 1112

171 1663 316 1736 praesenti,
341 1662 407 1735 quia
419 1662 519 1717 noceri
540 1681 598 1718 non
621 1680 708 1736 posse
730 1663 936 1737 intelligebant,
952 1672 980 1718 et
1003 1661 1075 1717 illud

172 1751 285 1814 tempus
305 1741 530 1814 exspectandum
554 1741 751 1808 decreverunt,
772 1759 826 1812 qno
841 1740 960 1807 exisset,
974 1750 1005 1795 ut
1028 1740 1072 1795 sic

172 1819 322 1874 absentem
343 1818 581 1893 aggrederentur:
605 1819 698 1890 itaque
720 1817 859 1874 fecerunt.
901 1817 976 1872 Nam
997 1827 1073 1891 post·
1094 1819 1112 1872 3

171 1915 256 1970 quam
270 1897 301 1951 iu
317 1895 453 1952 Siciliam
460 1915 525 1952 eum
533 1897 704 1971 pervenisse
715 1895 905 1963 crediderunt,
916 1895 1073 1962 absentem,

171 1975 248 2048 quod
269 1993 353 2049 sacra
365 1974 513 2042 violasset,
534 1993 614 2031 reum
633 1974 772 2029 lecerunt.
814 1974 880 2038 Qua
893 1973 929 2028 de
943 1990 974 2028 re
988 1991 1074 2044 quum

172 2052 201 2108 ei
215 2053 331 2109 nuntius
347 2052 542 2126 amagistratu
563 2053 592 2108 in
613 2052 744 2108 Siciliam
757 2051 864 2107 missus
879 2062 967 2119 esset,
982 2062 1011 2106 ut
1025 2050 1074 2105 do·

171 2149 249 2186 mum
272 2131 307 2186 ad
323 2149 439 2186 causam
461 2130 611 2186 dicendam
624 2131 741 2203 rediret,
764 2140 898 2203 essetque
920 2129 951 2185 111
971 2147 1075 2203 magna

172 2227 225 2283 spe
239 2209 396 2283 provinciae
417 2209 491 2264 bene
513 2208 760 2276 administrandae;
787 2226 844 2264 non
858 2226 959 2282 parere
973 2207 1074 2275 noluit,

145 2272 203 2343 ‘et
224 2287 255 2342 in
269 2287 422 2355 triremem,
437 2305 498 2359 quae
523 2286 559 2342 ad
582 2306 647 2342 eum
662 2286 867 2360 deportandum
891 2296 952 2342 erat
974 2286 1074 2354 missa,

173 2363 334 2420 adscendit.
376 2365 441 2420 Hac
463 2364 589 2420 Thurios
611 2365 641 2420 in
661 2365 774 2421 ltaliam
798 2375 962 2438 pervectus,
985 2363 1074 2419 multa
1094 2365 1113 2418 4

173 2454 274 2499 secum
297 2452 431 2516 reputans
446 2442 482 2498 de
504 2442 688 2498 immoderata
704 2442 809 2498 civium
822 2461 936 2498 suorum
955 2441 1075 2497 licentia

173 2520 397 2593 crudelitateque
420 2539 488 2594 erga
510 2521 634 2589 nobiles,
647 2520 831 2576 utilissimum
854 2531 941 2586 ratus,
964 2518 1074 2592 impen-

139 2601 141 2606 '
174 2598 290 2663 dentem
304 2599 410 2654 evitare
432 2609 641 2672 tempestatem,
656 2599 730 2653 clam
750 2615 783 2652 se
798 2615 815 2651 a
829 2597 993 2652 custodibus
1008 2596 1074 2651 sub·

174 2676 263 2744 duxit,
285 2687 313 2732 et
336 2676 403 2732 inde
428 2676 548 2750 primum
573 2675 698 2744 Elidem,
723 2674 828 2730 deinde
853 2674 971 2730 Thebas
985 2672 1073 2728 venit.

175 2754 329 2827 Postquam
343 2765 436 2809 autem
458 2772 490 2809 se
506 2753 608 2828 capitis
623 2754 793 2821 damnatum,
807 2751 890 2807 bonis
910 2750 1073 2825 publicatis,
1094 2754 1113 2806 5

116 2892 123 2901 ‚
175 2832 290 2901 audivit,
307 2843 343 2900 et,
364 2832 394 2888 id
418 2832 492 2905 quod
515 2851 570 2887 usu
583 2842 709 2907 venerat,
733 2830 919 2904 Eumolpidas
940 2827 1074 2884 sacerdo·

173 2920 251 2966 tesa
274 2911 379 2984 populo
394 2921 520 2978 coactos,
535 2920 565 2965 nt
589 2928 621 2964 se
643 2909 824 2976 devoverent,
846 2908 964 2982 ejusque
988 2906 1074 2962 devo-

174 2987 271 3056 tionis,
286 3007 341 3061 quo
352 2988 482 3043 testatior
503 2998 583 3043 esset
604 2987 750 3054 memoria,
765 2987 936 3060 exemplum,
961 2985 991 3040 in
1014 2985 1074 3058 pila

174 3066 289 3139 lapidea
298 3066 430 3133 incisum,
443 3085 509 3121 esse
519 3065 643 3138 positum
657 3065 687 3119 iu
701 3065 827 3137 publico,
836 3064 1074 3120 Lacedaemonem

175 3144 353 3218 demigravit.
396 3144 449 3211 lbi,
474 3154 504 3198 ut
528 3143 591 3216 ipse
616 3143 771 3216 praedicare
795 3152 992 3209 consueverat,
1016 3141 1113 3196 non6

175 3222 312 3278 adversus
327 3221 456 3295 patriam,
471 3221 523 3276 sed
537 3221 670 3275 inimicos
685 3239 753 3275 suos
768 3221 874 3275 bellum
888 3219 990 3293 gessit,
999 3218 1074 3291 quod

175 3300 262 3356 iidem
287 3300 387 3355 hostes
403 3310 502 3354 essent
516 3297 633 3353 civitati.
675 3298 752 3353 Nam
765 3316 850 3370 quum
870 3297 1074 3370 intelligerent,

175 3397 207 3434 se
223 3379 375 3453 plurimum
389 3377 528 3450 prodesse
543 3394 630 3450 posse
645 3374 820 3448 reipublicae,
836 3392 873 3430 ex
887 3393 923 3430 ea
937 3373 1064 3448 ejecisse
1125 3408 1128 3413 ,

176 3457 295 3531 plusque
323 3455 371 3510 irae
400 3473 467 3521 suae,
494 3472 578 3527 quam
607 3451 722 3508 utilitati
757 3451 899 3507 communi
931 3451 1094 3523 paruisse.¹

177 3533 274 3608 ltaque
288 3533 373 3608 hujus
389 3532 511 3587 consilio
527 3529 739 3587 Lacedaemonii
755 3547 819 3584 cum
838 3529 992 3584 Persarum
1004 3544 1073 3600 rege
1094 3526 1114 3582 7

174 3613 331 3670 amicitiam
345 3611 492 3679 fecerunt;
515 3609 620 3664 deinde
642 3608 801 3665 Deceleam
813 3605 844 3662 in
857 3605 954 3660 Attica
966 3604 1075 3660 munie-
