2474 4080
408 241 447 303 ΙΙ.
473 244 570 315 9,10.
614 237 875 319 (Themistocles.)
1052 240 1091 296 19

189 389 263 447 leret
285 387 359 457 sibi;
381 387 499 444 difficile
521 386 600 442 enim
623 404 700 453 esse,
721 384 751 440 in
773 394 831 440 tam
849 383 1006 459 propinquo
1026 381 1092 438 loco

188 477 249 524 tuto
270 486 335 524 eum
354 466 474 522 versari.
516 465 615 537 ltaque
637 464 768 538 Pydnam
789 482 854 518 eum
875 461 978 517 deduci
996 459 1093 535 jussit,

192 557 221 602 et
235 545 309 618 quod
324 545 395 600 satis
410 554 490 600 esset
503 543 639 617 praesidii,
648 542 736 598 dedit.
769 541 827 597 Hic
842 541 871 596 in
886 558 989 595 navem
1003 539 1092 594 omni·
1114 539 1132 593 6

190 626 244 681 bus
270 623 384 697 ignotus
406 622 500 678 nautis
522 620 682 676 adscendit.
725 620 796 684 Quae
817 637 903 692 quum
922 627 1093 691 tempestate

191 702 316 758 maxima
344 701 459 756 Naxum
481 699 609 766 ferretur,
634 698 681 753 ubi
703 709 763 753 tum
785 696 1005 753 Atheniensium
1034 704 1094 750 erat

193 779 355 836 exercitus:
379 777 471 833 sensit
491 776 716 844 Themistocles,
731 776 757 830 si
778 793 814 831 eo
834 775 1024 850 pervenisset,
1038 772 1094 828 sibi

194 876 261 914 esse
271 856 456 931 pereundum.
487 855 552 911 Hac
561 855 737 910 necessitate
749 865 866 909 coactus
878 851 992 908 domino
1003 851 1094 919 nevis,

194 935 240 1009 qui
257 935 304 1003 sit,
318 935 419 1008 aperit,
434 934 521 988 multa
534 932 687 1007 pollicens,
702 931 728 988 si
749 950 782 987 se
804 940 1016 986 conservasset.
1057 931 1096 986 At
1116 933 1134 984 7

194 1014 254 1081 ille,
266 1011 419 1068 clarissimi
434 1011 486 1066 viri
501 1022 601 1085 captus
615 1009 822 1078 misericordia,
836 1008 913 1064 diem
926 1017 1095 1080 noctemque

194 1091 294 1166 procul
309 1092 343 1146 ab
358 1090 454 1146 insula
467 1089 498 1145 in
512 1091 573 1144 salo
592 1107 695 1144 navem
715 1088 806 1144 tenuit
819 1087 850 1143 in
864 1086 988 1154 ancone,
1001 1104 1095 1159 neque

195 1186 364 1242 quemquam
378 1186 416 1224 ex
430 1186 466 1223 ea
480 1167 559 1223 exire
574 1184 677 1240 passus
693 1176 747 1222 est.
782 1165 853 1223 lnde
869 1163 1020 1238 Ephesum
1033 1182 1097 1239 per·

197 1247 283 1314 venit,
294 1246 389 1319 ibique
404 1245 633 1301 Themistoclem
647 1244 780 1319 exponit:
804 1244 851 1300 cui
865 1244 914 1300 ille
925 1243 1097 1318 promeritis

196 1325 316 1400 gratiam
329 1336 431 1398 postea
445 1322 550 1379 retulit.
702 1330 705 1334 “

236 1403 291 1459 ΙΧ.
324 1403 403 1470 Scio,
428 1402 581 1476 plerosque
603 1401 643 1457 ita
665 1401 831 1476 scripsisse,
858 1399 1097 1467 Themistoclem,
1120 1403 1134 1456 1

197 1481 296 1536 Xerxe
311 1491 459 1555 regnante,
473 1479 504 1535 in
518 1480 618 1535 Asiam
638 1479 788 1536 transisse.
830 1479 890 1535 Sed
912 1497 967 1553 ego
983 1477 1098 1553 potissi·

197 1578 274 1615 mum
283 1558 450 1633 Thucydidi
465 1558 561 1627 credo,
573 1558 648 1632 quod
662 1569 742 1614 aetate
757 1557 913 1633 proximus,
923 1557 971 1632 qui
987 1557 1098 1612 illorum

193 1648 356 1711 temporum
383 1636 532 1692 historiam
559 1638 742 1710 reliquerunt,
762 1644 791 1691 et
816 1636 946 1710 ejusdem
974 1635 1098 1692 civitatis

199 1716 260 1772 fuit.
302 1716 331 1771 ls
346 1726 440 1771 autem
460 1715 508 1783 ait,
523 1715 560 1770 ad
581 1716 769 1771 Artaxerxem
789 1734 854 1771 eum
867 1714 995 1784 venisse,
1015 1726 1098 1786 atque

197 1793 244 1849 his
256 1793 350 1849 verbis
366 1793 518 1867 epistolam
528 1793 644 1849 misisse
656 1814 662 1850 :
683 1793 878 1849 Themistocles
887 1795 949 1849 veui
960 1794 996 1849 ad
1007 1805 1041 1860 te,
1052 1795 1100 1866 qui
1119 1797 1137 1849 2

194 1872 317 1949 plurima
339 1872 412 1927 mala
430 1873 548 1927 omnium
570 1872 719 1928 Graiorum
740 1873 769 1927 iu
792 1871 898 1927 domum
917 1882 992 1926 tuam
1008 1872 1098 1940 intuli,

198 1970 280 2025 quum
301 1951 367 2006 milti
390 1970 498 2006 maesse
513 1947 586 2026 fuit,
609 1951 743 2006 adversus
762 1960 871 2026 patrem
895 1960 971 2005 tuum
992 1949 1100 2019 bellare,

195 2031 367 2104 patriamque
394 2048 480 2084 meam
507 2027 658 2105 defhndere.
711 2027 789 2084 Idem
812 2028 896 2084 multa
919 2028 1003 2103 plura
1031 2028 1100 2085 bona
1121 2030 1139 2084 ³

202 2106 326 2183 [rursus]
330 2104 400 2182 fece,
410 2117 557 2182 postquam
568 2109 597 2163 in
612 2119 671 2164 tuta
685 2109 752 2183 ipse,
764 2117 791 2163 et
807 2107 852 2163 ille
866 2109 895 2163 in
904 2108 1026 2183 periculo
1040 2128 1100 2165 esse

201 2188 288 2261 eoepit.
328 2185 501 2259 Numquam
521 2188 550 2242 ie
564 2188 665 2243 Asiam
688 2187 788 2243 reverti
806 2186 894 2255 vellet,
910 2186 1007 2263 praelio
1028 2186 1103 2263 apud

203 2261 441 2340 Salamiuasacta,
453 2264 554 2321 litteris
568 2285 627 2320 eum
640 2267 779 2322 certiorem
783 2263 854 2343 fici,
867 2264 899 2323 ia
910 2266 968 2341 agi,
978 2276 1010 2321 ut
1019 2285 1101 2341 pons,

200 2360 279 2417 quem
290 2342 321 2398 in
333 2340 513 2417 Hellesponto
519 2341 637 2419 fecerat,
657 2345 861 2412 dissolveretur,
874 2354 955 2419 atque
968 2344 1003 2400 ab
1017 2345 1101 2400 desti·

201 2420 253 2477 dus
272 2420 477 2477 circumiretur:
498 2442 550 2497 quo
569 2425 664 2479 nuntio
688 2424 734 2478 elle
749 2422 872 2498 periculo
893 2433 936 2480 est
957 2422 1099 2480 liberatus.

202 2498 287 2555 Nune
304 2508 395 2555 autem
413 2497 527 2576 confugi
546 2501 583 2556 ad
604 2512 638 2569 te,
658 2503 817 2577 euagitatus
830 2522 848 2557 a
861 2511 959 2558 cuneta
983 2500 1102 2571 Gracia,
1122 2505 1140 2557 4

203 2586 278 2633 tuam
291 2586 390 2653 patens
407 2580 574 2635 amicitiam:
595 2581 716 2655 quamsi
735 2598 780 2635 era
801 2579 925 2653 adeptus,
939 2599 993 2634 non
1011 2581 1103 2636 miuus

202 2672 245 2711 mc
268 2654 366 2711 danum
392 2657 507 2712 amicum
527 2657 648 2726 habebis,
678 2677 759 2731 quam
772 2654 878 2732 fortem
897 2658 1035 2712 inimicum
1057 2658 1104 2715 itte

203 2742 330 2808 aspertus
343 2742 394 2789 est.
428 2733 477 2790 Ea
491 2746 581 2791 autem
594 2755 669 2811 rogo,
683 2746 714 2790 ut
728 2735 760 2791 de
774 2735 818 2791 leis
831 2735 921 2803 rebus,
934 2754 1005 2809 quas
1018 2745 1105 2792 tecum

204 2810 318 2885 colloqui
328 2811 396 2881 volo,
411 2832 513 2869 aunum
525 2815 592 2871 milti
602 2815 731 2891 temporis
742 2813 799 2882 des,
813 2832 894 2888 eoque
908 2824 1048 2870 tramenta
1067 2814 1105 2872 ad

205 2898 230 2943 te
243 2891 334 2945 ueuire
343 2891 475 2965 patiaris.

244 2967 282 3022 X.
305 2967 401 3043 Hujus
414 2986 467 3025 rex
478 2968 565 3026 animi
573 2969 797 3045 magnitudinem
808 2969 962 3041 admirans,
971 2971 1105 3047 cupiens·
1127 2975 1142 3028 1

204 3063 259 3117 que
271 3046 358 3101 talem
367 3044 459 3101 virum
470 3047 526 3103 sibi
539 3047 698 3118 conciliari,
707 3049 820 3105 veniam
832 3048 919 3105 dedit.
956 3049 1011 3107 Ille
1020 3069 1104 3108 omne

204 3122 275 3179 illud
288 3133 401 3197 tempus
413 3124 515 3180 litteris
530 3126 711 3200 sermonique
727 3126 881 3185 Persarum
892 3127 986 3184 dedit:
1003 3128 1105 3202 quibus

204 3201 278 3258 adeo
306 3201 433 3258 eruditus
459 3213 512 3272 est,
534 3213 565 3259 ut
587 3205 675 3262 multo
698 3206 874 3263 commodius
898 3203 1009 3263 dicatur
1031 3208 1105 3282 apud

203 3297 305 3354 regem
318 3280 407 3335 verba
428 3281 545 3351 fecisse,
560 3300 644 3357 quam
657 3282 689 3339 hi
709 3294 848 3357 poterant,
861 3284 911 3358 qui
931 3284 962 3341 in
983 3285 1104 3342 Perside

204 3368 286 3415 erant
298 3357 367 3413 nati.
402 3358 461 3415 Hic
472 3377 558 3432 quum
568 3361 655 3417 multa
668 3360 730 3436 regi
746 3370 826 3419 esset
838 3362 993 3436 pollicitus,
1005 3364 1105 3437 gratis-
1125 3368 1144 3421 2

204 3435 364 3508 simumque
376 3435 456 3505 illud,
468 3438 494 3492 si
504 3438 565 3494 suis
576 3438 617 3494 uti
627 3438 757 3495 consiliis
766 3438 864 3509 vellet,
873 3440 954 3496 illum
964 3440 1106 3497 Graeciam

206 3513 282 3570 bello
307 3531 527 3588 oppressurum3
555 3516 668 3591 magnis
696 3516 862 3573 muneribus
887 3519 922 3574 ab
946 3517 1105 3575 Artaxerxe

205 3590 326 3651 donatus
341 3591 371 3650 in
385 3592 487 3650 Asiam
505 3593 600 3663 rediit,
615 3594 847 3668 domiciliumque
869 3595 1029 3671 Magnesia
1050 3595 1106 3654 sibi
