2474 4080
179 257 220 314 rs
372 245 493 311 xvm.
540 254 588 321 10,
606 253 653 310 11.
700 244 895 329 (num.)

176 411 233 459 tem
249 399 453 458 refrenandum
467 401 605 475 impetum
620 400 678 457 tale
693 399 770 474 capit
781 399 945 456 consilium.
980 399 1084 457 Genea

177 480 259 535 mittit
274 480 402 535 homines
417 478 451 535 ad
467 480 579 534 infimos
595 488 713 545 montes,
728 479 779 551 qui
798 478 874 533 obvii
888 487 972 534 arant
981 478 1082 535 itineri

177 557 417 626 adversariorum,
439 558 541 631 hisque
563 556 754 631 praecepitur
779 556 871 630 prim'a
884 566 979 624 nocte,
994 574 1083 631 quam

177 636 314 690 latissime
340 638 454 709 possint,
479 637 560 710 ignes
584 633 692 690 facient
715 652 803 707 quam
823 635 1082 709 maximos,·atquo

177 713 228 769 hos
243 713 370 769 secunda
383 715 482 789 vigilia
496 714 635 779 minuent,
651 713 736 768 tertia
757 713 930 787 perexiguos
944 711 1082 768 reddant:

139 795 157 847 4
178 804 205 847 et
226 792 392 847 assimulata
407 801 564 848 castrorum
580 789 786 845 consuetudine
805 791 999 863 suspicionem
1019 790 1081 864 inJi-

177 871 254 925 ciant
269 870 404 937 hostibus,
417 871 461 925 his
475 869 546 927 locis
559 887 622 923 esse
634 879 738 933 castra,
748 885 783 922 ac
798 866 833 923 do
842 885 942 923 eorum
957 867 1083 924 adventu

177 967 239 1002 esse
269 949 510 1021 praenuntiatum3
547 940 680 1019 idemque
709 955 822 1018 postera
849 956 933 1002 nocte
961 944 1081 1002 facient.

138 1027 156 1080 ὅ
178 1025 293 1090 Quibus
317 1026 488 1099 imperatum
504 1034 574 1091 erat,
590 1023 744 1098 diligenter
768 1037 944 1098 praeceptum
966 1033 1080 1081 curant.

178 1105 351 1177 Antigonus
377 1104 503 1158 tenebris
526 1103 639 1169 obortis,
662 1102 745 1176 ignes
759 1101 960 1176 conspicatur:
982 1102 1081 1170 credit,

178 1180 212 1236 de
227 1199 279 1236 suo
294 1179 417 1236 adventu
433 1199 496 1236 esse
511 1180 650 1247 auditum,
666 1189 694 1235 et
720 1178 900 1236 adversarios
921 1180 994 1235 illuc
1014 1198 1083 1237 suas

138 1261 156 1313 6
178 1258 354 1314 contraxisse
370 1259 476 1332 copias.
520 1257 614 1314 Mutat
638 1257 800 1325 consilium,
816 1267 854 1331 et,
868 1258 1007 1332 quoniam
1031 1258 1081 1313 im·

178 1335 332 1410 prudentes
348 1335 452 1391 adoriri
468 1355 523 1392 non
538 1347 639 1411 posset,
660 1336 749 1392 flectit
768 1336 822 1391 iter
836 1354 932 1403 suum,
947 1345 976 1393 et
1000 1336 1081 1391 illum

179 1413 342 1469 anfractum
365 1414 522 1488 longiorem
548 1414 669 1488 copiosae
692 1414 747 1470 viae
770 1414 856 1489 capit,
882 1414 980 1488 ibique
1007 1412 1081 1470 diem

179 1509 269 1547 unum
284 1493 431 1565 opperitur
452 1491 487 1547 ad
509 1492 706 1548 lassitudinem
727 1491 883 1548 sedandam
898 1494 1025 1548 militum
1047 1509 1087 1549 ao

179 1570 335 1625 reficienda
346 1569 487 1644 jumenta,
503 1589 560 1644 quo
574 1570 728 1644 integriore
743 1571 873 1626 exercitu
888 1569 1066 1626 decerneret.

141 1650 156 1704 1
220 1647 256 1704 X.
281 1647 338 1703 Hic
354 1648 502 1704 Eumenes
516 1648 656 1704 callidum
677 1648 877 1723 imperatorem
900 1649 970 1704 vicit
991 1648 1080 1704 consi·
1157 1684 1160 1688 ι

179 1726 225 1791 lio,
239 1726 474 1801 celeritatemque
487 1726 633 1799 impedivit
644 1726 727 1800 ejus3
744 1744 837 1799 neque
853 1737 948 1782 tamen
959 1727 1081 1782 multum

83 1871 87 1878 Ι
140 1807 158 1859 2
180 1804 308 1880 profecit.
352 1804 429 1860 Nam
452 1804 558 1860 invidia
573 1804 690 1872 ducum,
706 1822 772 1859 cum
794 1805 899 1879 quibus
913 1815 984 1872 erat,
1001 1804 1080 1879 perfi-

179 1883 282 1957 diaque
299 1882 490 1939 Macedonum
506 1894 715 1950 veteranorum,
731 1901 820 1956 quum
835 1884 967 1957 superior
982 1882 1082 1959 proelio

179 1961 364 2029 discessisset,
382 1962 527 2037 Antigono
542 1971 584 2016 est
598 1959 719 2026 deditus
734 1979 824 2034 quum
839 1961 985 2017 exercitus
1000 1962 1026 2017 ei
1041 1971 1083 2017 ter

180 2050 244 2095 ante
261 2041 400 2114 separatis
414 2041 589 2113 temporibus
602 2038 736 2112 jurasset,
758 2057 788 2094 se
804 2057 870 2094 eum
886 2038 1080 2107 defensurum,

181 2136 235 2172 nec
251 2136 388 2190 umquam
403 2118 595 2172 deserturum.
639 2116 694 2172 Sed
717 2127 796 2172 tanta
812 2116 864 2173 fuit
881 2118 1082 2174 nonnullorum

181 2196 295 2249 virtutis
317 2195 493 2261 obtrectatio,
524 2205 554 2250 ut
577 2195 662 2249 fidem
688 2195 817 2250 amittere
844 2196 971 2264 mallent,
997 2213 1082 2271 quam

141 2273 246 2326 3eum
272 2289 328 2325 nen
354 2271 483 2344 prodere.
527 2273 625 2345 Atque
646 2273 723 2328 hune
745 2273 918 2348 Antigonus,
945 2276 1036 2348 quum
1056 2272 1082 2331 ei

181 2347 281 2403 fuisset
296 2348 505 2416 infestissimus
520 2362 727 2418 conservasset,
743 2352 767 2406 si
788 2370 839 2425 per
852 2370 919 2407 suos
934 2363 1009 2409 esset
1023 2352 1081 2408 lici·

180 2435 251 2492 tum,
266 2426 341 2499 quod
367 2427 403 2481 ab
418 2428 497 2483 nullo
512 2447 542 2483 se
564 2428 628 2502 plus
644 2428 777 2502 adjuvari
802 2447 882 2503 posse
907 2431 1083 2506 intelligebat

180 2504 209 2558 in
232 2504 275 2559 his
298 2506 392 2572 rebus,
408 2525 482 2580 quus
503 2506 665 2582 impendere
688 2507 749 2581 jem
766 2508 919 2581 apparebat
943 2509 1082 2564 omnibus.

180 2581 370 2640 imminebant
394 2586 470 2640 enim
495 2584 646 2651 Seleucus,
673 2584 877 2658 Lysimachus
903 2585 1081 2654 Ptolemaeus,

180 2664 280 2736 opibus
302 2664 362 2739 jem
388 2665 526 2731 valentes,
543 2682 611 2719 cum
635 2663 740 2736 quibus
755 2664 782 2718 ei
803 2662 837 2719 de
862 2665 984 2719 summis
1000 2666 1083 2720 rebus

140 2742 159 2795 4
180 2752 241 2797 erat
266 2742 473 2798 dimicandum.
517 2741 573 2797 Sed
598 2760 653 2797 non
678 2742 755 2815 passi
779 2752 845 2797 sunt
868 2743 907 2810 hi,
932 2743 983 2817 qui
1006 2744 1084 2800 eirca

180 2831 278 2876 erant:
301 2821 376 2895 quod
391 2820 534 2888 videbant,
550 2819 683 2875 Eumene
698 2831 820 2893 recepto,
835 2839 935 2876 omnes
956 2824 1021 2895 prae'
1037 2821 1084 2876 illo

180 2899 262 2972 parvi
279 2897 399 2953 futuros.
442 2897 506 2971 Ipse
522 2909 617 2952 autem
633 2898 798 2972 Antigonus
820 2897 890 2953 adeo
905 2908 968 2954 erat
988 2899 1082 2955 incen-

180 2992 238 3040 sus,
255 2985 294 3042 ut,
310 2975 364 3029 nisi
389 2992 495 3049 magna
510 2994 559 3049 spe
581 2976 774 3030 maximarum
797 2993 904 3044 rerum,
920 2976 1006 3032 leniri
1030 2993 1085 3033 non

181 3061 284 3125 posset.

143 3131 157 3182 1
222 3127 272 3184 ΧΙ.
296 3126 396 3201 Itaque
410 3147 501 3202 quum
516 3148 582 3185 eum
604 3132 633 3186 in
649 3131 807 3187 custodiam
823 3131 957 3200 dedisset,
973 3141 1001 3188 et
1016 3149 1084 3207 prae·

181 3204 274 3260 fectus
289 3205 440 3261 custodum
466 3209 623 3281 quaesisset,
639 3209 879 3281 quemadmodum
902 3212 1014 3266 servari
1030 3209 1085 3265 vel-

181 3282 242 3337 let?
264 3292 293 3338 ut
311 3287 483 3352 acerrimum,
500 3286 600 3358 inquit,
616 3287 726 3355 leonem,
742 3296 790 3343 cut
803 3285 1015 3360 ferocissimum
1035 3289 1083 3344 ele-

177 3361 320 3434 phantum.
364 3361 501 3417 Nondum
526 3365 603 3419 enim
631 3375 777 3432 statuerat,
801 3376 987 3422 conservaret
1010 3383 1085 3432 eum,

133 3441 159 3494 '2
182 3457 235 3494 nee
247 3456 293 3494 ne.
326 3439 467 3496 Veniebat
484 3453 580 3497 cutem
596 3442 630 3495 ad
647 3442 810 3498 Eumenem
826 3457 980 3518 utrumque
995 3462 1087 3520 genus

182 3517 346 3576 hominum:
369 3527 397 3573 et
411 3519 460 3591 qui
479 3530 591 3594 propter
605 3519 702 3575 odium
719 3519 846 3577 fructum
860 3522 954 3578 oeulis
968 3540 1005 3578 ex
1025 3522 1087 3596 ejus

181 3613 253 3653 casu
274 3613 380 3672 capere
394 3597 511 3666 vellent,
527 3607 555 3654 et
575 3596 626 3673 qui
650 3608 765 3673 propter
779 3610 904 3656 veterem
930 3600 1087 3657 amicitiam
