2474 4080
186 292 228 351 aa
405 283 494 347 xiv.
537 288 633 358 9,10.
678 284 861 363 (natam.)

183 451 267 507 quam
288 431 524 497 adversariorum,
548 430 667 499 videret,
686 430 723 486 ad
746 448 849 505 pacem
870 430 1086 507 amicitiamque

144 513 163 568 6
183 511 309 568 hortatus
331 520 384 577 est,
405 520 435 565 ut
456 527 521 564 cum
544 526 613 582 rege
638 508 668 564 in
688 509 808 583 gratiam
829 507 945 565 rediret.
988 509 1085 576 Quam

183 589 234 645 ille
261 587 316 645 etsi
337 587 423 643 fidam
449 605 507 642 non
535 585 595 641 sore
617 588 741 661 putabat,
767 596 863 642 tamen
888 587 1084 647 conditionem

184 667 298 740 accepit
318 685 406 738 seque
429 665 465 721 ad
482 666 672 720 Artaxerxem
689 664 800 739 legatos
821 664 976 721 missurum
999 665 1083 723 dixit.
1140 670 1147 685 ‘

185 745 235 801 Sic
257 745 373 812 bellum,
394 743 469 817 quod
490 759 542 798 rex
564 742 700 798 adversus
724 743 876 798 Datamem
901 755 1083 818 susceperat,

183 823 323 879 sedatum.
358 820 586 895 Autophradates
595 819 631 883 ,in
646 819 802 894 Phrygiam
815 838 848 876 se
863 820 984 894 recepit.

147 904 160 958 l
223 900 277 958 IX.
299 902 337 955 At
350 918 410 967 rex,
421 898 496 971 quod
510 897 691 970 implacabile
706 897 803 953 odium
813 898 843 954 in
855 898 1007 955 Datamem
1018 918 1082 957 sus·

184 988 309 1052 ceperat,
323 987 473 1050 postquam
486 976 563 1031 bello
579 995 645 1031 eum
658 976 779 1050 opprimi
788 994 845 1032 non
856 994 944 1049 posse
954 978 1082 1035 animad-

182 1056 274 1124 vertit,
295 1055 409 1111 insidiis
430 1053 592 1109 interficere
617 1054 739 1121 studuit;
761 1073 831 1127 quas
855 1054 906 1110 ille
927 1055 1080 1129 plerasque

142 1138 162 1190 2
185 1133 291 1190 vitavit.
334 1132 425 1202 Sicut,
451 1149 535 1203 quum
562 1131 719 1187 nuntiatum
743 1142 831 1201 esset,
858 1132 998 1204 quosdam
1024 1134 1080 1192 sibi

182 1210 322 1278 insidiari,
350 1210 397 1283 qui
424 1210 454 1265 in
479 1208 634 1265 amicorum
658 1220 737 1265 erant
759 1228 877 1266 numero
898 1210 947 1286 (de
968 1211 1080 1284 quibus,

182 1289 256 1362 quod
270 1287 379 1344 inimici
394 1288 561 1355 detulerant,
575 1306 668 1360 neque
683 1288 865 1357 credendum,
880 1307 974 1361 neque
987 1289 1079 1364 negli-

183 1366 306 1440 gendum
326 1365 454 1441 putavit),
475 1365 598 1438 experiri
612 1366 709 1434 voluit,
723 1384 821 1422 verum
837 1366 978 1423 falsumne
1000 1376 1080 1424 esset

144 1448 162 1502 3
183 1446 310 1501 relatum.
352 1445 449 1516 Itaque
472 1461 507 1498 eo
527 1442 672 1516 profectus
696 1454 749 1513 est,
769 1462 824 1517 quo
846 1445 949 1500 itinere
970 1444 1078 1501 futuras

182 1523 303 1579 insidias
318 1523 457 1578 dixerant.
500 1521 560 1577 Sed
574 1522 663 1596 elegit
677 1540 795 1597 corpore
810 1533 839 1578 et
852 1532 960 1598 statura
968 1523 1080 1579 similli-

181 1619 258 1656 mum
272 1601 326 1669 sui,
341 1601 424 1672 eique
438 1599 571 1656 vestitum
592 1619 674 1656 suum
692 1600 780 1669 dedit,
795 1610 877 1674 atque
893 1619 927 1657 eo
947 1601 1013 1658 loco
1027 1602 1079 1671 ire,

181 1697 236 1752 quo
248 1679 310 1753 ipse
321 1688 517 1745 consueverat,
529 1677 624 1751 jussit.
659 1679 728 1752 Ipse
740 1689 834 1735 autem
847 1689 947 1735 ornatu
961 1680 1079 1737 vestitu·

181 1776 235 1830 que
250 1757 365 1813 militari
390 1758 464 1813 inter
483 1757 610 1828 corporis
633 1757 767 1813 custodes
789 1757 843 1812 iter
863 1756 960 1813 facere
981 1758 1078 1833 coepit.

142 1839 161 1893 4
182 1837 220 1892 At
234 1836 425 1903 insidiatores,
434 1846 583 1910 postquam
597 1835 626 1891 in
641 1837 809 1891 eumlocum
823 1853 925 1909 agmen
938 1836 1079 1909 pervenit,

181 1914 296 1988 decepti
316 1915 416 1971 ordine
438 1925 519 1987 atque
542 1912 654 1981 vestitu,
667 1913 697 1969 in
719 1932 784 1969 eum
804 1913 911 1969 faciunt
931 1913 1078 1988 impetum,

181 1994 229 2066 qui
251 1993 414 2067 suppositus
438 2002 506 2047 erat.
549 1991 723 2047 Praedixerat
745 2002 839 2047 autem
859 1991 905 2046 his
929 1991 1078 2061 Datames,

182 2090 246 2126 cum
260 2072 360 2142 quibus
383 2071 437 2125 iter
458 2069 589 2137 faciebat,
604 2079 634 2125 ut
653 2069 744 2144 parati
765 2081 864 2125 essent
882 2068 987 2138 facere,
1002 2071 1079 2144 quod

181 2149 275 2221 ipsum
298 2148 448 2202 vidissent.
497 2150 575 2223 Ipse,
603 2159 633 2202 ut
661 2158 865 2203 concurrentes
892 2146 1076 2205 insidiatores

182 2224 387 2291 animadvertit,
413 2225 471 2279 tela
497 2227 526 2281 in
552 2243 602 2281 oos
626 2226 760 2300 conjecit.
802 2224 867 2280 Hoc
891 2225 969 2281 idern
992 2245 1078 2299 quum

180 2302 307 2357 universi
321 2301 467 2370 fecissent,
481 2304 643 2376 priusquam
657 2303 839 2376 pervenirent
853 2303 889 2359 ad
903 2322 977 2372 eum,
992 2323 1077 2377 quem

181 2380 298 2453 aggredi
309 2380 450 2447 volebant,
466 2382 571 2436 confixi
586 2382 761 2437 ceciderunt.

144 2465 157 2515 1
198 2478 204 2497 =
220 2457 258 2512 Χ.
275 2456 333 2512 Hic
344 2467 439 2513 tamen
450 2469 506 2514 tam
516 2460 636 2515 callidus
646 2459 688 2514 vir
697 2471 823 2515 extremo
836 2470 963 2532 tempore
976 2470 1075 2535 captus

181 2546 225 2591 est
249 2535 432 2605 Mithridatis,
458 2538 658 2594 Ariobarzanis
680 2538 740 2605 filii,
766 2538 840 2593 dolo.
893 2539 1024 2610 Namque
1047 2539 1072 2594 is

182 2615 326 2690 pollicitus
343 2625 387 2671 est
407 2616 478 2690 regi,
494 2636 526 2672 se
549 2636 613 2673 eum
627 2615 849 2683 interfecturum,
864 2617 889 2671 si
904 2615 932 2671 ei
946 2634 998 2671 rex
1011 2634 1074 2689 per-

178 2694 310 2762 mitteret,
325 2705 363 2761 ut,
384 2695 578 2768 quodcumque
593 2695 689 2761 vellet,
711 2694 812 2749 liceret
832 2694 946 2767 impune
968 2693 1074 2763 facere,

179 2773 319 2846 fidemque
343 2773 379 2828 de
403 2792 438 2828 ea
461 2792 502 2841 re,
524 2791 602 2828 more
628 2772 789 2840 Persarum,
814 2771 914 2828 dextra
935 2771 1073 2828 dedisset.

139 2853 158 2904 2
181 2849 265 2905 Hanc
281 2861 310 2905 ut
324 2850 437 2922 accepit
450 2869 467 2905 a
480 2870 548 2924 rege
563 2851 689 2919 missam,
704 2849 802 2924 copias
823 2860 911 2922 parat,
927 2859 955 2906 et
969 2851 1073 2906 absens

180 2927 335 2981 amicitiam
362 2945 426 2981 cum
455 2927 575 2982 Datame
596 2927 674 2994 facit,
694 2927 772 3001 regis
793 2927 955 3001 provincias
978 2937 1073 2995 vexat,

180 3004 300 3058 castella
315 3013 465 3076 expugnat,
479 3022 597 3077 magnas
612 3005 721 3077 praedas
737 3007 820 3080 capit,
835 3023 952 3079 quarum
964 3015 1074 3079 partem

179 3079 239 3135 suis
267 3080 405 3153 dispertit,
427 3090 542 3152 partem*
550 3081 586 3137 ad
610 3083 759 3138 Datamem
781 3083 881 3151 mittit;
902 3083 965 3156 pari
989 3083 1074 3139 modo

141 3160 157 3213 3
181 3158 325 3231 complura
339 3157 459 3212 castella
474 3158 501 3212 ei
515 3159 607 3215 tradit.
640 3159 712 3215 Haec
727 3160 775 3216 diu
786 3160 918 3216 faciendo
929 3160 1074 3234 persuasit

178 3234 296 3302 homini,
307 3253 339 3289 se
354 3235 493 3290 infinitum
512 3236 649 3293 adversus
664 3256 762 3310 regem
776 3239 943 3312 suscepisse
957 3239 1072 3307 bellum,

177 3329 263 3383 quum
276 3311 365 3366 nihilo
379 3314 480 3386 magis,
494 3332 531 3368 ne
552 3332 636 3386 quam
656 3314 852 3388 suspicionem
871 3315 915 3371 illi
934 3316 1073 3389 praebcret

176 3388 352 3451 insidiarum,
363 3407 455 3462 neque
468 3390 638 3463 colloquium
653 3392 715 3465 ejus
730 3392 838 3464 petivit,
852 3411 946 3465 neque
961 3391 991 3448 iu
1006 3410 1073 3448 con·
1150 3431 1156 3442 ·

178 3477 308 3537 spectum
322 3466 420 3521 venire
435 3467 549 3523 studuit.
571 3492 574 3503 ·
592 3468 642 3523 Sic
658 3470 762 3524 absens
777 3469 932 3525 amicitiam
946 3470 1072 3543 gerebat,

177 3556 207 3598 ut
220 3561 277 3598 non
290 3543 440 3598 beneficiis
461 3545 574 3612 mutuis,
589 3545 641 3600 sed
661 3545 727 3600 odio
748 3546 900 3615 communi,
914 3545 991 3621 quod
1004 3563 1074 3621 erga

176 3636 276 3694 regem
289 3632 485 3695 susceperant,
500 3621 640 3677 contineri
652 3621 824 3679 viderentur.
