2474 4080
371 195 412 258 ll.
449 202 479 272 6,
496 201 525 259 7.
562 196 824 275 (Themistocles.)
1010 203 1049 259 17

145 354 198 415 rat,
223 344 326 400 eidem
351 342 447 399 minus
472 341 574 399 diebus
598 341 714 417 triginta
737 343 769 399 in
790 342 891 399 Asiam
914 360 1049 401 reversus

147 437 192 479 est
206 441 296 497 seque
312 441 329 477 a
343 421 544 477 Themistocle
558 439 616 477 non
636 434 809 495 superatum,
824 422 877 477 sed
897 439 1049 477 conserva·

145 512 205 557 tum
222 500 372 576 judicavit.
398 500 449 555 Sic
465 499 549 555 unius
564 499 617 554 viri
633 500 784 573 prudentia
799 500 914 556 Graecia
928 499 1050 556 liberata
1070 504 1088 557 3

146 592 200 649 est,
224 580 407 652 Europaeque
429 579 580 633 succubuit
594 578 675 633 Asia.
718 579 791 635 Hauc
814 580 903 634 altera
920 580 1049 647 victoria,

144 677 293 747 quaecum
316 656 498 713 Marathonio
521 656 614 730 possit
637 658 795 731 comparari
815 668 932 745 tropaeo.
973 658 1051 713 Nam

144 756 208 812 pari
201 737 307 792 modo
319 735 393 809 apud
409 735 557 791 Salamina
571 753 659 809 parvo
670 754 789 791 numero
799 737 915 791 navium
925 736 1050 792 maxima

144 827 211 890 post
225 814 371 871 hominurn
386 813 552 869 memoriam
567 812 673 869 classis
689 811 734 869 est
748 814 871 869 devicta.

187 894 239 950 VI.
262 894 387 966 Magnus
399 892 455 947 hoc
467 892 543 947 bello
553 892 769 948 Themistocles
781 892 842 960 fuit,
851 910 906 948 nec
917 892 1009 948 minor
1019 891 1050 948 in
1072 896 1086 951 1

144 990 229 1046 pace.
256 973 352 1037 Quum
363 989 441 1026 enim
453 969 608 1026 Phalerrco
619 982 710 1045 portu,
721 989 815 1044 neque
827 989 931 1045 magno
990 1001 1028 1040 473

144 1069 239 1124 neque
259 1051 343 1117 bono,
362 1048 558 1105 Athenienses
577 1060 739 1106 uterentur:
762 1049 847 1124 hujus
863 1068 931 1106 con·
968 1052 1052 1089 acu.

144 1129 212 1184 silio
226 1129 332 1202 triplex
347 1127 471 1185 Piraeei*
485 1137 582 1200 portus
598 1128 768 1184 constitutus
784 1138 837 1197 est,
848 1128 936 1203 isque
950 1126 1050 1184 moeni·

145 1208 199 1263 bus
214 1206 417 1275 circumdatus,
431 1216 463 1263 ut
478 1205 571 1280 ipsam
585 1207 684 1261 urbem
699 1206 837 1281 dignitate
852 1206 1049 1283 aequipararet,

145 1286 267 1343 utilitate
283 1296 442 1360 superaret.
484 1283 566 1341 Idem
580 1303 675 1340 muros
690 1284 913 1342 Atheniensium
926 1284 1050 1341 restituit
1069 1288 1088 1341 2

145 1365 291 1439 praecipuo
302 1363 434 1438 periculo
446 1381 508 1419 suo.
550 1363 683 1437 Namque
697 1364 921 1434 Lacedaemonii,
933 1382 1050 1420 causam

146 1442 281 1498 idoneam
308 1442 387 1499 nacti
414 1453 531 1516 propter
557 1443 738 1498 barbarorum
767 1444 966 1511 excursiones,
994 1461 1051 1517 qua

145 1533 294 1596 negarent,
318 1531 450 1595 oportere
476 1533 556 1577 extra
581 1521 816 1595 Peloponnesum
840 1523 928 1579 ullam
951 1523 1051 1578 urbem

146 1599 265 1669 habere,
277 1620 315 1656 ne
331 1611 431 1655 essent
448 1601 514 1656 loca
528 1600 644 1668 munita,
659 1620 722 1674 quae
740 1599 842 1657 hostes
855 1598 1049 1676 possiderent,

147 1678 344 1735 Athenienses
368 1678 545 1734 aedificantes
569 1679 722 1753 prohibere
748 1690 814 1736 sunt
836 1679 941 1735 conati.
983 1679 1049 1735 Hoe
1071 1681 1089 1734 3

146 1757 232 1833 longe
245 1758 301 1812 alio
313 1758 471 1832 spectabat,
483 1768 567 1831 atque
577 1757 669 1813 videri
677 1758 822 1813 volebant.
852 1757 1050 1814 Athenienses

147 1837 225 1891 enim
239 1836 348 1892 duabus
363 1836 502 1904 victoriiS,
517 1835 700 1893 Marathonia
715 1848 744 1892 et
762 1837 929 1905 Salaminis,
943 1847 1051 1891 tantam

146 1914 266 1988 gloriam
282 1915 356 1989 apud
371 1933 471 1970 omnes
486 1926 589 1989 gentes
602 1924 682 1970 erant
693 1914 853 1983 consecuti,
863 1926 894 1970 ut
907 1914 1051 1989 intellige·

145 2004 209 2048 rent
224 1992 449 2063 Lacedaemonii,
463 1993 499 2049 de
514 1993 676 2067 principatu
690 1994 747 2049 sibi
761 2011 828 2050 curn
843 1993 889 2051 his
905 2004 1051 2049 certarnen

146 2071 217 2128 sore.
260 2072 358 2137 Quare
387 2090 439 2128 eos
463 2090 549 2147 quam
576 2072 788 2129 infirmissimos
816 2091 884 2129 esse
907 2073 1090 2128 volebant4

147 2151 304 2225 Postquam
339 2162 435 2207 autem
468 2151 627 2219 audierunt,
660 2170 757 2209 muros
791 2150 904 2223 instrui,
937 2152 1051 2227 legatos

146 2229 277 2286 Athenas
291 2228 440 2297 miserunt,
454 2230 503 2304 qui
522 2230 552 2286 id
572 2229 634 2286 fieri
649 2240 789 2287 vetarent.
831 2230 889 2289 His
902 2228 1051 2307 praesenti·

145 2308 199 2365 bus
213 2308 370 2377 desierunt,
386 2327 420 2363 ac
436 2326 469 2364 se
484 2309 520 2364 de
536 2328 572 2365 ea
588 2327 619 2365 re
643 2310 754 2385 legatos
776 2310 814 2367 ad
835 2328 888 2368 eos
909 2310 1050 2367 missuros

146 2385 288 2443 dixerunt.
329 2386 415 2445 Hanc
438 2388 614 2461 legationem
636 2389 766 2463 suscepit
780 2388 1008 2457 Themistocles,
1022 2390 1090 2443 et5

146 2465 226 2522 solus
239 2464 331 2555 primo
344 2465 492 2541 profectus
507 2478 570 2536 est·
591 2467 695 2541 reliqui
708 2468 798 2541 legati
811 2478 915 2524 uttam
928 2466 1051 2535 exirent,

146 2562 233 2633 quum
246 2544 318 2601 satis
335 2544 456 2601 altitudo
472 2546 546 2602 muri
565 2556 712 2603 emuncta
724 2545 879 2615 rideretur,
894 2544 1049 2620 praecepit;

145 2620 261 2679 interim
273 2640 385 2692 omnes,
399 2624 477 2680 servi
495 2634 579 2713 atque
599 2623 694 2692 liberi,
709 2642 781 2698 opus
802 2623 932 2679 lacerent
934 2641 1050 2697 ,neque

69 2758 73 2763 ,
145 2700 199 2757 ulli
220 2701 286 2759 loco
307 2714 470 2791 parcerent,
485 2704 547 2759 sive
562 2720 656 2771 sacer,
671 2702 733 2758 sive
755 2701 979 2777 profanus,s1ve
993 2699 1050 2775 pri·

145 2790 229 2835 vatus
252 2791 340 2849 esset,
364 2781 427 2838 sive
450 2781 593 2855 publicus,
617 2791 646 2837 at
666 2780 803 2856 undique,
817 2780 893 2854 quod
914 2780 1050 2837 idoneum

146 2856 184 2913 ad
197 2824 381 2917 muniendirm
395 2870 536 2934 putarent,
551 2871 751 2935 congererent.
793 2860 860 2926 Quo
874 2859 981 2917 facturn
995 2868 1049 2929 est,

144 2936 482 2996 utAtheniensiurnmuri
492 2958 529 2995 ex
537 2938 658 2995 sacellis
666 2940 867 3016 sepulcrisque
875 2948 1048 2998 constarent

185 3014 255 3072 VII.
277 3016 495 3074 Themistocles
518 3029 622 3088 autem,
643 3029 675 3075 ut
699 3018 941 3077 Lacedoemonem
961 3018 1050 3082 venit
1072 3021 1087 3076 1

146 3092 225 3151 adire
236 3094 273 3151 ad
283 3097 466 3170 magistratus
477 3097 576 3165 noluit,
586 3108 615 3152 et
625 3096 706 3153 dedit
715 3116 841 3187 operam,
852 3109 883 3154 ut
893 3116 978 3173 quam
988 3097 1050 3154 lon·

145 3171 266 3247 gissime
276 3185 389 3249 tempus
402 3175 529 3245 duceret,
541 3194 659 3233 causam
669 3172 867 3251 interponens,
875 3196 909 3235 se
922 3178 1049 3251 collegas

146 3263 329 3327 exspectare,
337 3271 424 3327 quum
434 3218 648 3311 Lacedaemonii
659 3266 856 3329 quererentur,
864 3274 937 3331 opus
945 3255 1050 3313 nihilo·

144 3328 239 3387 minus
261 3332 375 3399 fieris
359 3350 481 3407 eumque
503 3332 534 3389 in
549 3351 585 3388 ea
603 3351 635 3389 re
655 3334 755 3390 conari
776 3332 889 3391 fallere.
930 3333 1088 3391 lnterim2

145 3408 249 3483 reliqui
265 3410 355 3485 legati
369 3421 436 3467 sunt
450 3412 611 3467 consecuti.
652 3411 679 3467 A
692 3410 797 3486 quibus
810 3430 898 3487 quum
911 3410 1051 3491 audisset,

144 3502 204 3545 non
221 3488 341 3546 multum
354 3506 512 3565 superesse
529 3489 706 3559 munitionis,
720 3488 756 3545 ad
771 3488 897 3566 ephoros
911 3474 1051 3549 Laceda-

511 3587 528 3621 ὓ
538 3584 628 3707 1)πωῖιῖ
628 3584 719 3635 Brenta-
