2474 4080
374 229 449 294 ΧΠ.
475 237 502 306 1,
519 240 548 308 2,
564 239 594 295 s.
639 233 829 314 (samm)
1005 243 1048 302 49

187 377 214 436 Ῑ.
256 376 407 446 Chabrias,
422 377 620 434 Atheniensis,
662 379 720 434 Hic
744 399 855 453 quoque
879 381 909 437 in
929 382 1048 440 summis
1071 389 1085 442 1

146 453 263 513 habitus
275 464 320 512 est
328 455 457 524 ducibus,
467 475 569 529 resque
579 457 681 512 multas
690 458 827 513 memoria
835 459 936 532 dignas
948 463 1048 536 gessit.

147 533 211 591 Sed
223 552 260 589 ex
268 532 314 589 his
324 534 420 589 elucet
428 534 550 589 maxime
561 533 705 590 inventum
712 536 773 609 ejus
783 536 812 591 in
820 538 930 610 proelio,
997 565 1034 603 sn

146 611 224 685 quod
238 611 313 685 apud
333 611 453 673 Thebas
467 611 545 679 fecit,
559 630 644 684 quum
665 613 785 669 Boeotiis
802 615 930 671 subsidio
963 623 983 652 a.
995 614 1019 652 ⁰·
1032 624 1046 652 ¹¹

146 689 290 747 venisset.
332 689 463 761 Namque
489 689 520 744 in
534 707 569 744 eo
584 690 703 745 victoria
724 691 830 747 fidente
851 711 960 748 summo
974 694 1047 750 duce
1067 699 1086 750 2

147 767 299 841 Agesilao,
308 765 412 841 sugatis
420 767 481 842 jam
489 767 524 822 ab
534 785 569 822 eo
579 767 761 824 conductitiis
771 771 903 838 catervis,
911 772 1050 844 reliquam

147 843 324 920 phalangem
347 844 412 900 loco
433 845 521 900 vetuit
542 845 658 913 cedere,
679 846 838 919 obnixoque
861 867 937 921 genu
957 860 1048 917 scuto,

147 923 279 998 projecta
302 920 385 977 hasta
403 922 539 996 impetum
564 923 700 996 excipere
723 923 848 979 hostium
869 925 975 981 docuit.
1015 927 1049 982 Id

147 1018 254 1057 novum
263 999 417 1074 Agesilaus
433 1011 572 1058 contuens
586 1000 720 1075 progredi
734 1014 847 1057 nonest
861 1021 957 1071 ausus,
968 1021 1049 1058 suos·

148 1096 205 1151 que
216 1078 277 1152 jam
291 1077 469 1133 incurrentes
484 1079 550 1134 tuba
563 1079 718 1134 revocavit.
760 1079 826 1135 Hoc
841 1099 930 1152 usque
945 1099 981 1136 eo
993 1092 1050 1136 tota
1070 1085 1087 1138 3

150 1155 266 1212 Graecia
285 1154 361 1210 sama
375 1155 549 1211 celebratum
564 1166 617 1224 est,
631 1167 662 1212 ut
681 1157 731 1212 illo
746 1168 820 1213 statu
835 1157 975 1214 Chabrias
994 1159 1050 1215 sibi

148 1243 271 1289 statuam
284 1233 348 1288 fieri
361 1232 492 1302 voluerit,
512 1252 574 1306 quae
596 1234 710 1307 publice
726 1236 754 1290 ei
775 1237 809 1290 ab
824 1234 1048 1293 Atheniensibus

148 1311 179 1368 in
205 1310 266 1366 soro
290 1311 442 1367 constituta
456 1321 510 1367 est.
552 1311 675 1384 Exque
699 1311 872 1380 factumest,
895 1326 926 1369 ut
949 1325 1050 1387 postea

148 1389 263 1445 athletae
274 1389 419 1462 ceterique
429 1390 554 1445 artifices
565 1388 611 1445 his
620 1390 738 1446 statibus
754 1391 783 1446 in
793 1391 893 1446 statuis
907 1392 1048 1465 ponendis

148 1476 305 1535 uterentur,
319 1468 420 1538 quibus
433 1468 580 1522 victoriam
595 1478 694 1523 essent
709 1468 814 1541 adepti.
913 1538 915 1542 Α

190 1545 231 1601 Il.
254 1545 393 1601 Chabrias
405 1555 499 1600 autem
510 1546 598 1600 multa
610 1546 641 1601 in
656 1546 772 1621 Europa
785 1546 861 1602 bella
873 1546 1050 1603 administra·
1071 1550 1085 1603 1

148 1622 200 1692 vit,
214 1641 299 1696 quum
312 1623 369 1678 dux
384 1623 605 1679 Atheniensium
629 1635 724 1692 esset;
749 1624 780 1680 in
800 1625 929 1698 AEgypto
990 1649 1028 1688 302

149 1720 203 1757 sua
224 1711 325 1774 sponte
351 1699 452 1775 gessit.
503 1701 580 1756 Nam
602 1701 784 1758 Nectanabin
807 1703 932 1777 adjutum
967 1699 1050 1736 ΜΗ·

148 1778 305 1854 profectus,
332 1796 451 1852 regnum
478 1779 507 1834 ei
531 1779 686 1835 constituit.
740 1780 824 1835 Fecit
847 1780 924 1835 idem
948 1778 1048 1853 Cypri,
1068 1784 1087 1837 2

149 1857 203 1914 sed
223 1857 338 1930 publice
360 1858 395 1912 ab
408 1855 636 1913 Atheniensibus
661 1857 801 1930 Evagorae
824 1857 932 1931 adjutor
970 1888 1031 1937 [3372

150 1934 252 2003 datus3
272 1953 366 2007 neque
388 1935 466 2008 prius
489 1935 556 1990 inde
579 1933 726 2002 discessit,
740 1953 824 2007 quam
845 1945 932 1990 totam
956 1935 1049 1984 ειΜ]

149 2012 274 2069 insulam
288 2013 364 2068 bello
378 2012 563 2069 devinceret:
589 2032 644 2086 qua
660 2031 696 2068 ex
716 2031 747 2068 re
763 2012 958 2069 Athenienses
971 2031 1049 2088 mag·

149 2109 217 2147 nam
238 2090 358 2164 gloriam
372 2101 437 2145 sunt
461 2090 566 2165 adepti.
608 2091 725 2147 Interim
740 2092 846 2147 bellum
860 2090 933 2147 inter
981 2122 1017 2160 351
1070 2093 1088 2146 3

151 2169 309 2243 AEgyptios
325 2178 353 2224 et
368 2169 475 2224 Persas
490 2168 643 2224 conflatum
652 2180 705 2224 est.
735 2169 931 2225 Athenienses
955 2180 975 2208 ⁸·
992 2171 1016 2210 ⁰·
1028 2181 1050 2210 ¹¹·

151 2265 216 2303 cum
226 2247 383 2302 Artaxerxe
394 2247 563 2302 societatem
577 2247 735 2316 habebant;
758 2246 970 2303 Lacedaemonii
985 2265 1050 2302 cum

150 2324 310 2398 AEgyptiis,
339 2344 356 2379 a
386 2324 486 2397 quibus
514 2343 632 2398 magnas
666 2326 776 2398 praedas
803 2325 968 2399 Agesilaus
998 2342 1050 2380 rex

151 2421 259 2470 eorum,
273 2401 405 2457 faciebat.
447 2399 480 2455 ld
492 2403 605 2458 intuens
621 2403 770 2472 Chabrias,
785 2422 868 2475 quum
883 2403 912 2458 in
927 2421 957 2458 re
972 2403 1050 2458 nulla

151 2480 290 2554 Agesilao
315 2480 440 2548 cederet,
468 2498 520 2535 sua
551 2491 651 2554 sponte
680 2500 730 2536 eos
757 2481 880 2554 adjutum
904 2479 1049 2554 profectus

150 2558 300 2632 AEgyptiae
314 2557 402 2614 classi
417 2557 535 2631 praesuit,
549 2558 729 2631 pedestribus
745 2559 836 2632 copiis
851 2558 1015 2631 Agesilaus.

191 2636 248 2693 ΙΙΙ.
289 2636 364 2691 Tum
388 2635 516 2708 praefecti
539 2635 617 2710 regis
644 2636 752 2692 Persiae
774 2635 884 2708 legatos
912 2634 1083 2690 miserunt]

151 2712 281 2771 Athenas
315 2722 455 2787 questum,
488 2713 564 2786 quod
600 2712 740 2769 Chabrias
775 2713 925 2766 adversum
952 2728 1050 2783 regem

149 2792 258 2847 bellum
267 2801 380 2865 gereret
392 2809 457 2846 cum
467 2792 626 2866 AEgyptiis.
648 2789 844 2845 Athenienses
856 2787 932 2842 diem
944 2798 1051 2842 certam

151 2868 284 2926 Chabriae
297 2869 517 2942 praestituerunt,
531 2887 615 2942 quam
630 2878 694 2923 ante
710 2867 823 2922 domum
842 2864 900 2920 nisi
915 2865 1049 2932 redisset,

150 2947 255 3021 capitis
283 2965 315 3002 se
343 2947 424 3002 illum
452 2946 631 3002 damnaturos
659 2945 867 3001 denuntiarunt.
908 2942 974 2998 Hoc
998 2942 1048 2998 ille

149 3025 249 3081 nuntio
273 3024 403 3081 Athenas
428 3024 521 3092 rediit,
545 3043 639 3096 nequo
664 3022 703 3078 ibi
725 3022 830 3079 diutius
851 3031 896 3077 est
915 3030 1049 3089 moratus,

149 3121 234 3176 quam
247 3102 300 3158 suit
313 3121 449 3158 necesse.
489 3102 558 3158 Non
569 3102 646 3156 enim
659 3101 781 3156 libenter
795 3109 855 3155 erat
869 3108 933 3154 ante
948 3098 1048 3153 oculos
1068 3101 1088 3154 2

150 3181 256 3236 civium
279 3199 411 3236 suorum:
441 3179 516 3252 quod
541 3190 569 3234 et
592 3180 706 3234 vivebat
727 3178 813 3245 laute,
838 3187 867 3233 et
886 3175 1050 3249 indulgebat

149 3259 206 3316 sibi
220 3257 378 3326 liberalius,
392 3275 476 3331 quam
494 3267 525 3311 ut
538 3256 674 3312 iuvidiam
689 3256 766 3329 vulgi
790 3264 890 3328 posset
910 3254 1047 3327 effugere.

149 3337 205 3394 Est
230 3336 308 3392 enim
336 3335 391 3391 hoc
416 3352 565 3390 commune
587 3334 685 3388 vitium
709 3333 739 3387 in
761 3333 871 3405 magnis
893 3332 1048 3402 liberisque
1069 3331 1087 3385 3

149 3415 324 3482 civitatibus
336 3425 366 3468 ut
375 3413 482 3468 invidia
496 3411 592 3485 gloriae
608 3429 705 3466 comes
720 3410 766 3477 sit,
779 3421 807 3465 et
820 3409 942 3464 libenter
955 3407 990 3462 de
1003 3407 1049 3462 his

148 3492 308 3560 detrahant,
331 3509 402 3564 quos
424 3490 551 3545 eminere
571 3490 686 3544 videant
710 3487 812 3554 altius3
836 3503 930 3558 neque
955 3484 1049 3539 animo

148 3588 228 3645 equo
248 3587 393 3646 pauperes
409 3567 534 3624 alienam
547 3567 723 3642 opulentium
742 3564 885 3619 intuuntur
898 3561 1049 3617 lortmram.
