2474 4080
405 280 484 346 XIV
520 289 547 345 1.
593 283 781 363 (Datames.)

281 698 283 703 ·
320 662 458 737 XIV.
514 663 869 740 DATAMES.

441 1011 752 1100 Aaeuueurum.

145 1140 244 1198 GAP.
260 1139 288 1197 I.
309 1139 388 1197 Inter
402 1141 579 1197 barbarorum
593 1141 674 1197 daras
684 1140 773 1216 facila
787 1142 968 1199 clarissimas.
1009 1143 1046 1203 In

184 1219 262 1288 bello,
276 1230 371 1276 contra
389 1219 529 1275 Cadusios
539 1230 628 1293 gesto,
647 1219 810 1295 magnifait
820 1222 880 1294 rjus
894 1241 982 1311 opera,
996 1244 1048 1298 qao

175 1295 288 1374 factum
312 1308 362 1365 est,
386 1308 418 1353 at
435 1308 486 1372 pat
488 1317 554 1352 orna
578 1299 604 1353 oi
632 1298 786 1353 traderetur
805 1301 958 1388 provincia.
1001 1300 1045 1357 ΙΙ.

188 1375 296 1451 Tityrum
308 1341 443 1450 dyriastoa
454 1374 754 1450 Paphlagoniavivam
769 1397 818 1452 rap
820 1379 850 1432 it.
886 1377 947 1434 III
975 1379 1047 1454 Cap-

186 1465 243 1508 tum
267 1453 304 1508 ad
324 1473 415 1528 regern
437 1454 559 1508 adducit
605 1453 702 1528 Gopiis
716 1455 753 1509 ad
767 1455 862 1520 ballam
877 1455 943 1510 AErr
920 1468 991 1532 gypt
993 1459 1048 1513 ium

180 1531 1048 1687 Ptaedtttddttttttdditittttttttt‘

182 1689 296 1776 gorsiam
316 1689 370 1743 sibi
390 1698 511 1763 occupat
558 1687 609 1742 VI
631 1687 666 1743 Ia
684 1689 750 1744 bello
772 1690 906 1745 aduersas
927 1689 1047 1746 Pisidas

186 1767 289 1822 amittit
302 1766 407 1843 fidiam.
448 1766 613 1822 Proditores
627 1777 652 1821 et
673 1767 765 1821 hostes
785 1767 906 1823 Pisidas
926 1780 1046 1843 saporat

190 1842 261 1899 VII.
290 1845 318 1898 A
334 1844 401 1922 filio
421 1855 488 1900 reatu
509 1847 625 1900 maximo
644 1845 783 1933 proditur
829 1844 916 1900 VIII
945 1845 1048 1902 Ducem

185 1921 349 1990 Persarum,
359 1933 453 1978 contra
462 1943 491 1977 se
499 1942 622 1990 missurn
631 1924 724 1977 vincit.
755 1921 814 1977 IX.
831 1921 921 1997 Regis
930 1924 1049 1980 insidias

187 2000 284 2056 caliido
309 2002 388 2056 vitat
430 1999 472 2056 X
494 2001 670 2056 Mithridatis
689 2001 750 2056 dolo
774 2003 890 2077 capitur
931 2000 991 2057 XI.
1013 2001 1049 2057 Iro

187 2078 317 2152 colloquio
329 2098 381 2154 por
385 2076 519 2155 fraudem
534 2080 631 2134 occidit
621 2090 674 2134 tur

186 2235 212 2293 I.
253 2234 349 2291 Venio
375 2253 451 2290 nunc
480 2235 516 2290 ad
543 2235 727 2292 fortissimum
753 2235 844 2292 virum
877 2237 1048 2311 maximique
1071 2243 1085 2296 1

146 2314 264 2371 consilii
278 2314 403 2368 omnium
417 2314 606 2382 barbarorum,
622 2315 752 2389 exceptis
767 2316 875 2371 duobus
900 2316 1048 2390 Carthagi·

146 2392 306 2459 mensibus
322 2391 494 2447 Hamilciire'
504 2402 533 2447 et
547 2391 720 2449 Hannibile.
763 2393 808 2449 De
823 2413 877 2467 quo
892 2395 947 2449 hoc
968 2396 1049 2469 plura
1068 2399 1086 2451 2

146 2470 315 2538 referemuS,
329 2469 404 2542 quod
419 2480 447 2524 et
468 2470 633 2525 obscuriora
647 2482 712 2527 sunt
730 2472 792 2545 ejus
809 2483 890 2545 gesta
904 2473 1048 2546 pleraque,

148 2559 178 2603 et
193 2568 237 2618 ea,
246 2567 309 2622 quae
322 2566 458 2621 prospere
469 2548 497 2604 ei
512 2560 671 2616 cesserunt,
680 2567 736 2604 non
748 2549 940 2622 magnitudine
954 2551 1048 2623 copia-

147 2645 219 2693 rum,
234 2627 286 2682 sed
300 2626 424 2694 consilii,
435 2644 490 2698 quo
504 2637 562 2681 tum
578 2644 677 2681 omnes
693 2627 852 2699 superabat,
862 2627 1048 2696 accideruut;

148 2723 266 2778 quorum
289 2705 346 2760 nisi
373 2704 444 2759 ratio
470 2705 612 2779 explicata
637 2704 730 2771 suerit,
755 2722 801 2758 res
827 2722 964 2777 apparere
992 2722 1049 2760 non

147 2793 288 2856 poterunt.
344 2782 491 2851 Datames
514 2794 592 2856 patre
623 2782 797 2851 Camissire‚
821 2781 937 2837 natione
963 2782 1087 2851 Care‚3

148 2871 238 2916 matre
265 2859 418 2934 Scythissa
441 2872 534 2928 natus,
558 2861 679 2934 primum
706 2860 826 2916 militum
849 2878 968 2915 numero
997 2860 1049 2917 fuit

149 2937 224 3012 apud
245 2940 432 2994 Artaxerxem
448 2957 553 3006 eorum,
567 2938 614 3010 qui
635 2938 744 3012 regiam
764 2939 921 2995 tuebantur.
963 2940 1050 2996 Pater

149 3017 212 3092 ejus
228 3017 420 3084 Camissi'ires,
434 3017 507 3088 quod
523 3028 552 3072 et
568 3035 653 3072 manu
667 3017 757 3085 fortiS,
772 3029 800 3073 et
813 3017 890 3073 bello
906 3028 1047 3088 strenuus,

149 3105 178 3150 et
191 3095 254 3168 regi
268 3095 363 3150 multis
378 3095 451 3150 locis
467 3095 560 3150 fidelis
576 3107 636 3150 erat
660 3107 799 3168 repertuS,
813 3095 912 3151 habuit
935 3098 1048 3170 provin·

149 3173 223 3228 ciam
237 3184 347 3246 partem
362 3172 474 3228 Ciliciae
492 3174 573 3247 juxta
589 3174 812 3246 Cappadociam,
824 3193 907 3246 quam
920 3174 1050 3230 incolunt

149 3251 319 3325 Leucosyri.
363 3251 510 3318 Datime8‚
521 3251 643 3306 militare
657 3270 758 3306 munus
773 3251 905 3326 fungens,
919 3252 1047 3327 primum,
1068 3257 1086 3310 4

148 3329 240 3401 qualis
257 3339 344 3395 esset,
360 3330 488 3402 apparuit
504 3329 533 3384 in
548 3330 633 3396 bella,
648 3329 723 3402 quod
737 3348 788 3384 rex
802 3330 939 3385 adversus
955 3331 1048 3386 Cadu-

149 3407 209 3462 sios
235 3407 336 3481 gessit.
392 3407 523 3480 Namque
552 3406 610 3475 hic,
641 3409 736 3463 multis
764 3407 878 3462 milibus
906 3408 1049 3481 regiorum

148 3484 318 3553 intersectis
332 3485 429 3558 magni
450 3484 502 3540 suit
523 3486 585 3559 ejus
601 3503 697 3558 opera.
740 3485 805 3548 Quo
821 3484 926 3539 factum
941 3496 994 3553 est,
1008 3495 1048 3554 ut,
1096 3516 1097 3520 =

148 3581 235 3635 quum
248 3563 279 3619 in
294 3581 329 3618 eo
343 3563 420 3618 bello
436 3563 594 3618 cecidisset
609 3563 800 3630 Caurissares,
812 3572 932 3636 patema
946 3562 974 3618 ei
993 3572 1049 3618 tra-

149 3640 264 3697 deretur
276 3640 436 3715 provincia.
620 3717 636 3748 ἡ

600 3723 618 3774 5
