2474 4080
242 269 299 328 34·
476 260 551 324 VII.
574 266 603 337 8,
617 263 649 323 9.
694 259 906 342 (Alcibiades.)

239 428 331 478 maus,
354 409 537 464 barbarorum
554 406 651 482 prada
670 406 849 481 locupletari,
872 424 956 478 quam
978 405 1138 464 Graiorum.

201 493 220 545 5
242 488 307 552 Qua
322 505 359 543 ex
372 504 403 542 re
419 497 549 542 creverat
562 504 647 558 quum
661 485 744 552 fama,
759 495 817 540 tum
831 484 942 558 opibus,
951 503 1140 558 magnamque

241 563 455 621 amicitiamsibi
465 583 530 619 curn
539 562 827 637 quibusdamregibus
837 561 971 618 Thraciae
979 573 1140 638 pepererat.

204 647 218 700 l
281 643 366 699 VIII.
394 642 423 698 N
426 661 498 714 eque
506 652 602 697 tamen
616 660 633 696 a
647 639 765 696 caritate
780 640 976 714 patriaepotuit
989 641 1140 700 recedere.

241 720 318 778 Nam
326 738 411 793 quum
425 719 499 794 apud
514 720 607 793 AEgos
622 719 728 774 flumen
743 717 901 787 Philocles,
910 718 1141 791 praetorAtheni·

242 799 362 866 ensium,
372 799 497 853 classem
509 797 706 852 constituisset
720 815 810 865 suam,
820 815 914 869 neque
926 797 1012 871 longe
1024 798 1141 854 abesset

242 876 402 950 Lysander,
415 886 517 949 praetor
532 873 822 942 Lacedaemoniorum,
831 875 878 947 qui
893 875 921 931 iu
933 893 968 930 eo
980 886 1040 930 erat
1055 893 1141 931 occu·

240 964 376 1030 patus,ut
399 953 605 1026 bellumquam
631 953 791 1008 diutissime
816 953 942 1021 duceret,
967 954 1042 1026 quod
1067 953 1140 1026 ipsis

240 1032 365 1107 pecunia
390 1051 406 1086 a
430 1049 499 1104 rege
525 1030 765 1104 suppeditabatur,
791 1041 888 1085 contra
913 1031 1140 1087 Atheniensibus

202 1115 220 1168 2
242 1110 390 1167 exhaustis
411 1120 512 1182 prater
527 1127 604 1163 arma
619 1118 647 1163 et
662 1127 751 1163 naves
766 1108 838 1164 nihil
854 1119 914 1164 erat
934 1127 1037 1184 super:
1062 1109 1140 1165 Alci·

241 1188 341 1244 biades
351 1187 386 1242 ad
396 1185 639 1242 exercitumvenit
650 1186 877 1254 Atheniensium,
887 1187 982 1259 ibique
998 1198 1139 1261 praesente

240 1266 326 1340 vulgo
341 1283 427 1338 agere
443 1264 536 1336 caepit,
552 1264 577 1318 si
592 1265 707 1331 vellent,
723 1282 755 1319 se
775 1273 939 1319 coacturum
961 1265 1140 1339 Lysandrum

242 1354 289 1400 aut
297 1343 443 1410 dimicare,
455 1352 502 1396 aut
512 1360 615 1415 pacem
628 1353 744 1414 petere:
769 1341 1003 1398 Lacedaemonios
1016 1361 1051 1399 eo
1062 1345 1139 1400 nolle

242 1421 397 1494 confligere
420 1421 525 1487 classe,
548 1420 622 1491 quod
645 1420 826 1493 pedestribus
852 1421 944 1494 copiis
968 1421 1042 1493 plus,
1056 1440 1140 1494 quam

202 1504 220 1556 3
241 1499 371 1566 navibuS,
380 1499 522 1565 valerent3
543 1498 598 1553 sibi
607 1511 700 1553 autem
710 1517 776 1553 esse
787 1498 882 1566 facile,
893 1498 1032 1566 Seuthen,
1041 1517 1140 1573 regem

241 1577 395 1643 Thracum,
411 1576 563 1642 deducere,
578 1587 609 1631 ut
629 1594 680 1631 eos
700 1587 775 1631 terra
796 1576 971 1650 depelleret:
994 1595 1049 1649 quo
1064 1577 1140 1633 lacto

235 1654 408 1711 'necessario
418 1664 465 1709 aut
473 1655 568 1709 classe
579 1653 770 1720 conflicturus
785 1665 832 1709 aut
847 1655 953 1710 bellum
968 1655 1140 1729 compositu·

201 1738 298 1791 Aras,
348 1732 383 1789 Id
407 1733 462 1788 etsi
486 1751 553 1787 vere
581 1732 688 1788 dictum
715 1732 863 1788 Philocles
889 1733 1139 1802 animadvertebat,

240 1822 336 1868 tamen
349 1811 490 1885 postulata
504 1810 600 1866 lacere
621 1810 720 1878 noluit,
734 1811 808 1882 quod
830 1811 981 1879 sentiebat,
995 1830 1038 1879 se,
1060 1811 1140 1868 Alci·

240 1890 325 1946 biade
339 1893 466 1963 recepto,
480 1889 585 1945 nullius
597 1889 731 1943 momenti
747 1888 821 1962 apud
836 1889 994 1944 exercitum
1007 1888 1138 1959 futurum,

242 1979 279 2037 et,
289 1969 314 2024 si
323 1968 389 2041 quid
401 1967 520 2023 secundi
532 1967 686 2034 evenisset,
695 1967 802 2021 nullam
811 1967 840 2022 iu
849 1986 884 2022 ea
898 1986 928 2022 re
941 1986 1022 2023 suam
1030 1979 1140 2042 partem

241 2047 319 2114 fore;
342 2056 441 2101 contra
455 2065 499 2113 ea,
509 2046 534 2100 si
548 2044 616 2117 quid
631 2045 742 2099 adversi
758 2045 923 2113 accidisset,
933 2064 965 2100 se
980 2064 1066 2101 unum
1076 2047 1138 2120 ejus

202 2129 220 2180 5
242 2124 340 2179 delicti
364 2123 486 2179 futurum
513 2142 601 2177 reum.
644 2123 688 2176 Ab
714 2122 768 2177 hoc
791 2122 945 2178 discedens
961 2124 1139 2193 Alcibiades,

241 2203 376 2276 qaoaiam,
400 2200 498 2272 inquit,
523 2202 641 2255 victoria
658 2202 755 2274 patria
777 2220 924 2276 repugnas,
946 2202 1015 2256 illud
1038 2223 1139 2271 moneo,

235 2280 319 2352 juata
343 2279 445 2333 iustam
459 2288 551 2332 castra
575 2278 676 2333 habeas
693 2280 821 2334 aaatica:
839 2280 990 2354 periculam
1004 2291 1046 2336 est
1059 2283 1138 2349 caim,

241 2377 275 2412 aa
289 2356 457 2410 immodestia
471 2356 586 2410 militam
602 2367 756 2410 nostrarum
776 2360 881 2413 occasio
895 2358 974 2413 datar
989 2358 1138 2433 Lysandro

241 2436 331 2490 nostri
344 2434 511 2507 opprimendi
525 2435 667 2489 accercitus.
709 2434 811 2506 Neque
824 2455 860 2490 ea
871 2454 917 2491 res
932 2436 1012 2491 illum
1026 2436 1138 2492 fefellit.

203 2516 221 2569 6
243 2512 318 2568 Nam
343 2511 502 2585 Lysander,
527 2530 612 2584 quum
638 2531 690 2585 per
716 2514 912 2586 speculatores
941 2515 1139 2587 comperisset,

241 2590 358 2662 vulgum
380 2589 600 2645 Atheniensium
621 2591 650 2645 in
675 2602 777 2646 terram
801 2592 953 2664 praedatum
969 2594 1075 2661 exisse,
1090 2612 1139 2649 na·

240 2687 349 2740 vesque
373 2687 453 2742 paene
478 2669 579 2724 inanes
602 2669 727 2737 relictae,
741 2680 852 2742 tempus
875 2670 917 2725 rei
935 2671 1067 2743 gerendae
1082 2688 1140 2727 non

242 2746 357 2815 dimisit,
372 2765 462 2818 eoque
478 2746 585 2819 impetu
598 2757 688 2802 totum
702 2747 806 2802 bellum
821 2747 935 2802 delevit.

138 2860 165 2909 0
203 2827 216 2880 1
280 2824 334 2880 IX.
377 2825 414 2878 At
437 2823 614 2891 Alcibiades
635 2825 719 2880 victis
745 2824 969 2881 Atheniensibus
991 2827 1139 2883 nonsatis

240 2911 300 2957 tuta
314 2901 415 2956 eadem
428 2901 493 2955 loca
508 2901 563 2956 sibi
578 2903 736 2969 arbitratuS,
750 2903 863 2976 penitus
885 2903 915 2958 in
936 2903 1092 2960 Thraciam
1106 2923 1138 2960 se

241 2997 327 3051 supra
348 2977 551 3050 Propontidem
565 2979 681 3045 abdidit,
696 2998 825 3051 sperans,
840 2980 879 3035 ibi
901 2980 1037 3037 facillime
1059 3000 1140 3038 suam

202 3062 220 3114 2
242 3056 381 3111 fortunam
394 3055 488 3110 occuli
503 3073 600 3128 posse.
624 3056 720 3111 Falso.
743 3056 819 3112 Nam
834 3058 975 3127 Thraces,
989 3069 1139 3132 postquam

242 3150 381 3188 eumcum
389 3150 492 3205 magna
500 3132 623 3205 pecunia
633 3134 749 3189 venisse
761 3147 921 3204 senserunt,
931 3136 1051 3192 insidias
1061 3137 1140 3193 fece·

241 3220 321 3266 runt:
344 3209 392 3280 qui
407 3229 451 3277 ea,
465 3229 526 3281 quae
541 3222 709 3284 apportarat,
724 3213 908 3281 abstulerunt,
924 3214 1018 3287 ipsum
1034 3233 1139 3288 capere

205 3291 220 3345 b
240 3306 298 3343 uon
318 3296 476 3359 potuerunt.
519 3288 572 3343 Ille
588 3307 720 3356 cernens,
734 3291 841 3345 nullum
854 3291 959 3346 'locum
981 3291 1036 3347 sibi
1050 3304 1141 3348 tutum

241 3364 271 3420 in
302 3363 415 3418 Gracia
449 3377 562 3437 propter
589 3367 745 3438 potentiam
780 3367 1071 3437 Lacedaemoniorum,
1103 3370 1140 3425 ad

242 3440 457 3498 Pharnabazum
470 3441 499 3496 in
515 3442 614 3497 Asiam
628 3444 757 3498 transiit:
780 3463 863 3516 quem
877 3446 991 3517 quidem
1000 3447 1073 3502 adeo
1088 3466 1142 3504 sua

242 3517 319 3591 cepit
332 3516 514 3587 humanitate,
529 3529 558 3574 ut
579 3539 644 3575 eum
656 3539 741 3575 nemo
755 3521 785 3576 in
799 3522 924 3578 amicitia
945 3522 1140 3581 antecederet.

241 3593 372 3668 Namque
383 3596 409 3651 ei
426 3595 565 3652 Granium
578 3596 696 3652 dederat
709 3597 740 3653 in
754 3597 882 3673 Phrygia
891 3610 1024 3669 castrum,
1039 3618 1141 3676 exquo
