2474 4080
183 278 227 339 aa
406 268 496 334 xvr.
539 276 569 345 s,
584 214 629 333 a
660 266 868 352 (Parparos.)

181 442 238 501 que
253 423 385 482 factionis
399 423 543 499 principes
557 422 660 499 partim
675 419 887 490 interfecerant,
903 419 974 478 alios
994 420 1026 479 in
1040 439 1090 479 ex-

182 504 279 560 silium
294 504 459 578 ejecerant:
480 502 510 557 in
531 501 638 575 quibus
659 499 809 576 Pelopidas
823 501 881 570 hic,
896 499 932 557 do
945 518 1004 577 quo
1017 501 1090 559 scri·

182 581 249 638 bere
265 581 359 638 exorsi
373 588 486 648 sumus‚'
500 579 600 656 pulsus
614 580 708 654 patria
721 579 849 636 carebat.

143 664 158 717 1
221 659 258 718 II.
282 659 323 717 Hi
344 678 443 716 omnes
468 657 528 716 fere
543 658 674 714 Athenas
694 675 725 714 se
740 657 930 725 contulerant,
946 673 1094 733 non,quo

181 749 371 813 sequerentur
385 738 484 806 otium,
500 734 550 793 sed
576 745 616 805 ut,
631 754 827 811 quemqueen
849 736 977 812 proximo
990 735 1090 793 locum

142 819 161 873 2
182 814 240 873 fors
253 817 410 884 obtulisset,
420 835 454 872 eo
468 815 589 891 patriam
604 832 778 889 recuperare
791 815 963 871 niterentur.
986 813 1088 890 Itaque

181 913 272 970 quum
293 905 406 970 tempus
421 904 464 950 est
479 895 573 950 visum
589 892 631 948 rei
654 891 799 968 gerendae,
814 893 1005 949 communiter
1019 911 1089 950 cnm

181 973 235 1042 his,
258 975 309 1049 qui
329 972 440 1029 Thebis
463 971 540 1029 idem
564 971 733 1039 sentiebant,
759 969 836 1027 diem
858 970 1030 1047 delegerunt
1051 970 1089 1028 ad

180 1052 312 1108 inimicos
339 1049 538 1126 opprimendos
565 1050 769 1124 civitatemque
802 1049 994 1105 liberandam
1010 1067 1088 1120 eum,

181 1147 237 1202 quo
260 1130 379 1186 maximi
401 1129 587 1204 magistratus
611 1127 696 1184 simul
724 1138 935 1184 consueverant
961 1127 1087 1203 epulari.

142 1210 160 1262 ³
182 1206 299 1282 Magnae
312 1225 387 1281 saepe
409 1225 456 1263 res
470 1224 526 1262 non
536 1207 580 1262 ita
594 1206 708 1281 magnis
722 1207 811 1280 copiis
825 1216 893 1263 sunt
905 1217 1015 1282 gestae3
1038 1205 1089 1263 sed

181 1283 307 1360 profecto
321 1303 480 1359 numquam
495 1285 531 1341 ab
555 1294 615 1341 tam
636 1286 716 1341 tenui
736 1285 819 1342 initio
833 1295 920 1341 tantae
932 1303 1002 1360 opes
1021 1295 1089 1343 sunt

181 1363 348 1439 profligatae.
391 1362 470 1420 Nam
494 1363 645 1420 duodecim
670 1362 878 1420 adolescentuli
899 1363 1031 1420 coierunt
1051 1381 1088 1420 ex

181 1442 235 1508 hia,
250 1441 300 1514 qui
314 1441 416 1497 exsilio
435 1452 517 1497 erant
538 1442 660 1509 multati,
675 1459 766 1515 quum
786 1442 901 1499 omnino
921 1459 979 1498 non
993 1451 1089 1499 esseut

182 1520 305 1594 amplius
319 1532 445 1587 centum,
460 1520 512 1595 qui
534 1529 611 1576 tanto
632 1538 662 1576 se
677 1518 813 1576 offerrent
836 1518 976 1596 periculo.
1019 1521 1089 1585 Qua

141 1601 161 1653 4
181 1598 326 1672 paucitate
348 1599 483 1673 perculsa
498 1608 540 1654 est
561 1597 847 1656 Lacedaemoniorum
870 1597 1004 1673 potentia.
1048 1598 1089 1655 Hi

181 1677 258 1732 enim
273 1695 331 1732 non
352 1678 445 1753 magis
460 1676 693 1733 adversariorum
717 1675 844 1746 factioni,
869 1695 956 1752 quam
971 1676 1088 1752 Sparta-

181 1755 235 1823 niS,
251 1774 284 1811 eo
306 1765 434 1830 tempore
453 1754 562 1812 bellum
586 1754 757 1824 intulerunt,
772 1756 823 1831 qui
847 1755 992 1830 principes
1006 1764 1089 1812 erant

181 1835 267 1890 totius
292 1833 435 1905 Graeciae3
469 1851 592 1907 quorum
616 1833 729 1908 imperii
752 1833 897 1909 majestas,
924 1852 1021 1908 neque
1049 1834 1089 1891 ita

181 1914 272 1969 multo
296 1922 366 1989 post,
392 1911 550 1969 Leuctrica
574 1930 681 1988 pugna,
707 1913 743 1968 ab
767 1912 822 1969 hoc
842 1912 923 1968 initio
943 1912 1088 1987 perculsa,

141 1993 160 2047 5
181 1992 314 2048 concidit.
357 1990 404 2047 Illi
428 1992 518 2067 igitur
531 1990 691 2059 duodecim,
706 2009 830 2064 quorum
844 2000 907 2047 erat
926 1990 986 2046 dux
1007 1989 1087 2047 Pelo-

181 2071 270 2144 pidas,
286 2088 377 2143 quum
392 2070 516 2125 Athenis
531 2069 655 2126 interdiu
670 2069 805 2138 exissent,
822 2077 853 2126 ut
867 2077 1088 2144 vesperascente

181 2147 256 2204 coelo
270 2147 388 2203 Thebas
410 2157 523 2222 possent
543 2148 703 2222 pervenire,
719 2166 787 2203 cum
808 2148 930 2204 canibus
948 2147 1089 2205 venaticis

180 2226 322 2292 exierunt,
339 2225 411 2281 retia
425 2224 557 2293 ferentes,
574 2227 678 2282 vestitu
693 2226 809 2302 agresti,
825 2245 882 2300 quo
902 2226 1011 2282 minore
1026 2244 1087 2283 sus-

180 2304 293 2377 picione
319 2301 447 2358 iacerent
471 2304 536 2359 iter.
586 2304 647 2368 Qui
669 2323 760 2379 quum
785 2315 910 2380 tempore
935 2305 1005 2379 ipso,
1031 2323 1088 2379 quo

180 2381 358 2448 s'tnduerant,
374 2382 580 2457 pervenissent,
597 2382 712 2438 domum
735 2382 877 2440 Charonis
897 2380 1087 2453 devenerunt,

181 2478 198 2515 a
212 2478 270 2533 quo
284 2470 312 2516 et
326 2468 439 2535 tempus
454 2470 482 2517 et
496 2460 556 2516 dies
570 2471 632 2518 erat
646 2461 739 2518 datus.

142 2539 158 2593 1
220 2537 272 2594 ΙΙΙ.
296 2537 360 2596 Ηοο
375 2539 437 2596 loco
452 2540 522 2597 libet
542 2540 732 2615 interponere,
748 2539 802 2597 etsi
822 2539 987 2614 sejunctum
1002 2540 1039 2596 ab
1056 2557 1088 2597 re

180 2619 321 2694 proposita
343 2628 395 2688 est,
425 2620 515 2676 nimia
542 2619 650 2676 fidncia
672 2630 788 2695 quantae
811 2618 970 2675 calamitati
997 2618 1088 2676 soleat

180 2714 254 2753 esse.
288 2697 365 2755 Nam
382 2700 602 2775 magistratuum
617 2697 825 2754 Thebanorum
839 2697 936 2753 statim
950 2696 986 2753 ad
1002 2715 1088 2754 aures

179 2778 318 2850 pervenit,
330 2777 447 2834 exsules
460 2778 490 2833 in
506 2777 607 2833 urbem
619 2777 779 2833 devenisse.
821 2774 854 2832 Id
868 2775 921 2844 illi,
937 2776 1002 2832 vinc
1017 2794 1086 2853 epu-

180 2851 273 2927 lisque
288 2855 384 2923 dediti,
400 2873 492 2929 usque
507 2875 540 2912 eo
557 2855 758 2930 despexerunt,
773 2864 806 2911 ut
826 2872 863 2910 ne
878 2872 1010 2929 quaerere
1024 2854 1085 2928 qui·

139 2932 159 2984 2
180 2929 244 2985 dem
260 2931 294 2988 de
309 2942 388 2988 tanta
403 2950 434 2989 re
449 2933 613 2989 laborarint.
647 2933 782 2990 Accessit
793 2933 889 3000 etiam,
904 2930 980 3007 quod
995 2932 1088 3008 magis

180 3009 304 3082 aperiret
328 3028 428 3065 eorum
450 3009 633 3066 dementiam.
676 3011 778 3068 Allata
802 3022 846 3068 est
869 3012 947 3068 enim
968 3011 1088 3087 epistola

179 3085 304 3142 Athenis
324 3087 360 3142 ab
377 3087 497 3156 Archia,
513 3087 739 3166 [hierophanta]
755 3090 805 3147 uui
820 3083 858 3146 ex
881 3086 934 3158 liis,
960 3089 1086 3158 Archiae,

178 3164 230 3237 qui
253 3173 315 3220 tum
340 3166 499 3222 maximum
525 3168 724 3243 magistratum
748 3169 858 3226 Thebis
881 3168 1035 3237 obtinebat,
1058 3168 1087 3223 in

179 3260 237 3316 qua
264 3243 361 3299 omnia
385 3244 420 3300 de
448 3244 622 3320 proiectione
650 3247 786 3303 exsulum
813 3247 973 3322 perscripta
994 3255 1086 3303 eraut.

179 3320 256 3384 Quae
269 3339 360 3394 quum
376 3322 438 3396 jam
459 3323 614 3380 accubanti
635 3325 664 3380 in
679 3327 811 3382 convivio
825 3337 899 3383 esset
920 3324 996 3394 data,
1012 3326 1088 3382 sicut

180 3410 241 3455 erat
255 3399 376 3475 signata,
392 3401 446 3457 sub
467 3402 619 3477 pulvinum
633 3403 799 3477 subjiciens,
814 3407 844 3461 in
867 3405 1028 3473 crastiuum,
1043 3405 1085 3460 in-

139 3477 155 3530 3
180 3477 250 3552 quit,
273 3477 371 3554 differo
385 3498 431 3536 res
444 3499 566 3537 severos.
609 3480 651 3537 At
665 3482 707 3537 illi
721 3501 829 3551 omnes,
844 3501 936 3558 quum
954 3482 1017 3558 jam
1031 3500 1086 3539 nox

181 3556 372 3644 processisset,
388 3557 524 3614 vinolenti
539 3559 575 3615 ab
589 3559 749 3627 exsulibus
766 3560 841 3618 duce
857 3560 1005 3636 Pelopida,
1020 3569 1088 3617 sunt

180 3632 334 3693 mterfecti.
375 3635 490 3702 Quibus
509 3638 597 3695 rebus
617 3637 765 3709 consectis,
781 3639 869 3716 vulgo
890 3638 926 3696 ad
947 3657 1031 3696 arma
1054 3638 1087 3696 li·
