2474 4080
371 233 474 313 XVII.
496 243 498 247 '
520 245 548 311 3,
561 243 593 300 4.
640 235 847 319 (Agcsrlaas.)
1016 245 1058 302 69

151 406 268 446 summa
282 388 338 445 fide
353 391 637 469 mansit·Agesilaus
646 409 655 460 3
679 389 779 445 centia
794 408 828 445 ea
850 389 1060 463 Tissaphernes

150 467 225 522 nihil
240 466 329 535 aliud,
344 486 432 542 quarn
449 468 556 524 bellum
571 469 758 542 comparavit.
801 467 831 523 ld
853 469 905 523 etsi
920 469 1060 524 sentiebat
1080 469 1099 522 ὅ

151 543 243 614 Lace,
258 553 355 601 tamen
376 545 580 621 jusjurandum
605 547 747 618 servabat,
769 546 949 620 multumque
973 547 1003 600 in
1025 565 1059 601 eo

150 641 183 679 se
197 625 336 698 consequi
357 624 479 692 dicebat,
495 624 568 698 quod
591 624 800 698 Tissaphernes
824 624 950 697 perjurio
965 642 1016 679 suo
1031 631 1059 680 et

149 700 282 757 homines
296 701 356 758 suis
372 704 457 758 rebus
472 703 657 768 abalienaret,
680 713 708 757 et
732 700 799 757 deos
813 702 867 756 sibi
887 702 974 757 iratos
996 701 1058 757 red·

151 778 251 850 deret3
274 798 305 835 se
320 790 416 836 autem
432 791 601 836 conservata
626 780 764 853 religione
786 779 956 834 confirmare
977 797 1058 835 ener-

151 857 359 931 citum‚‚quum
374 858 622 926 animadverteret,
643 857 761 913 deorum
782 874 889 912 numen
905 855 1000 913 facere
1015 876 1057 913 se·

151 953 230 1003 cum,
258 935 443 1010 hominesque
471 937 525 992 sibi
553 936 702 992 conciliari
731 935 891 1002 amiciores,
913 934 989 1008 qued
1014 934 1058 991 his

151 1011 267 1069 studere
282 1025 477 1082 consuessent,
493 1034 564 1088 quos
579 1031 750 1070 conservare
765 1012 850 1068 fidem
866 1011 1005 1068 viderent.

191 1089 243 1148 III.
267 1090 421 1167 Postquam
446 1092 629 1148 induciarum
652 1091 789 1165 praeteriit
813 1090 883 1157 dies,
909 1091 1057 1158 barbarus
1080 1095 1095 1147 l

151 1186 208 1224 non
232 1168 374 1238 dubitans
390 1170 464 1243 qued
495 1170 584 1245 ipsius
607 1179 687 1226 erant
712 1170 837 1244 plurima
861 1169 1007 1225 domicilia
1027 1169 1056 1224 in

150 1245 247 1315 Caria,
263 1256 291 1304 et
305 1267 340 1303 ea
356 1250 435 1324 regio
450 1249 495 1304 his
509 1249 684 1323 temporibus
698 1247 788 1304 multo
810 1248 964 1321 putabatur
978 1248 1056 1303 locu-

151 1325 320 1400 pletissima,
336 1345 370 1382 eo
385 1327 562 1400 potissimum
585 1327 679 1382 hostes
694 1326 830 1400 impetum
847 1324 982 1392 facturos
998 1344 1055 1381 om-

150 1421 202 1460 nes
216 1423 285 1459 suas
299 1405 396 1479 copias
410 1424 444 1461 ee
458 1413 650 1461 contraxerat.
694 1406 734 1460 At
749 1403 906 1479 Agesilaus
921 1406 949 1459 in
964 1403 1055 1477 Phry·
1077 1409 1096 1462 2

150 1482 228 1556 giam
244 1501 275 1538 se
289 1484 439 1551 convertit,
455 1501 578 1557 eamque
600 1484 679 1558 prius
699 1482 888 1556 depopulatus
902 1492 953 1548 est,
968 1501 1056 1557 quam

150 1559 361 1635 Tissaphernes
376 1580 497 1636 usquam
513 1581 544 1617 se
560 1571 696 1618 moveret.
740 1560 848 1636 Magna
869 1560 965 1635 praeda
980 1561 1053 1616 mili-

149 1638 225 1694 tibus
250 1639 439 1719 locupletatis,
470 1639 619 1715 Ephesum
644 1641 800 1695 hiematum
827 1641 986 1695 exercitum
1013 1658 1054 1695 re-

149 1715 240 1785 duxit,
257 1726 342 1790 atque
363 1717 401 1772 ibi
422 1716 544 1774 officinis
559 1736 704 1774 armornm
725 1717 869 1785 institutis,
885 1736 991 1792 magna
1014 1719 1055 1773 iu-

149 1792 259 1851 dustria
275 1795 382 1851 bellum
398 1797 557 1872 apparavit.
581 1796 620 1852 Et
633 1815 690 1870 quo
704 1795 857 1851 studiosius
873 1806 1056 1852 armarentur

148 1873 348 1948 insigniusque
370 1885 551 1943 ornarentur,
574 1875 692 1949 praemia
715 1873 868 1949 proposuit,
883 1873 988 1946 quibus
1008 1874 1055 1930 de-

148 1961 296 2020 narentur,
318 1969 441 2026 quorum
470 1953 588 2028 egregia
613 1953 699 2008 inea
724 1971 755 2008 re
779 1950 879 2007 fuisset
903 1951 1052 2008 industria.

149 2026 232 2086 Fecit
245 2029 322 2085 idem
343 2030 372 2085 in
388 2032 625 2087 exercitationum
640 2031 804 2106 generibus,
821 2041 860 2097 ut,
876 2030 926 2103 qui
949 2031 1053 2086 ceteris
1075 2036 1093 2088 3

147 2109 353 2182 praestitissent,
369 2127 417 2164 eos
432 2110 544 2185 magnis
559 2108 687 2165 afficeret
709 2109 885 2164 muneribus.
928 2107 983 2165 His
1003 2109 1053 2183 igi-

147 2194 195 2242 tur
209 2187 296 2242 rebus
310 2186 414 2254 effecit,
431 2199 461 2244 ut
476 2199 504 2244 et
518 2188 731 2243 ornatissimum
741 2198 769 2244 et
783 2188 1053 2244 exercitatissimum

147 2263 266 2320 haberet
291 2266 462 2321 exercitum.
506 2265 585 2322 Huic
608 2285 696 2340 quum
722 2277 835 2340 tempus
849 2278 924 2322 esset
949 2268 1052 2334 visum,
1074 2271 1093 2322 4

148 2343 244 2418 copias
259 2343 410 2400 extrahere
425 2363 461 2400 ex
477 2344 681 2413 hibernaculis,
698 2345 775 2413 vidit,
791 2346 824 2413 si,
840 2364 897 2419 quo
912 2355 986 2401 esset
1000 2346 1054 2401 iter

148 2417 288 2489 facturus,
315 2421 410 2495 palam
438 2423 658 2499 pronuntiasset,
684 2423 778 2478 hostes
803 2442 858 2478 non
884 2423 1052 2491 credituros,

148 2499 277 2573 aliasque
293 2500 425 2575 regiones
440 2500 579 2574 praesidiis
587 2512 788 2575 occupaturos,
801 2520 855 2557 nee
865 2501 1052 2569 dubitaturos,

148 2577 227 2632 aliud
256 2597 318 2634 esse
341 2577 496 2645 facturum,
514 2597 548 2635 ac
574 2580 794 2653 pronuntiasset.
837 2577 937 2652 Itaque
962 2597 1052 2652 quum
1074 2581 1093 2634 5

147 2655 196 2710 ille
221 2653 339 2711 Sardeis
354 2657 463 2711 iturum
479 2676 510 2712 se
536 2657 662 2724 dixisset,
688 2655 898 2730 Tissaphernes
923 2655 1053 2711 eamdem

146 2731 262 2789 Cariam
277 2733 485 2791 defendendam
500 2735 620 2808 putavit.
655 2734 688 2791 ln
703 2753 759 2809 quo
773 2752 863 2808 quum
878 2752 945 2788 eum
960 2733 1054 2808 opinio

147 2807 304 2878 fefellisset,
320 2813 487 2886 victumque
498 2832 528 2868 se
542 2813 657 2869 vidisset
668 2812 805 2882 consilio,
829 2830 893 2867 sere
907 2811 967 2867 suis
982 2829 1052 2885 prae-

145 2888 217 2944 sidio
232 2888 377 2963 prefectus
392 2900 444 2946 est.
487 2891 565 2947 Nam
580 2910 670 2966 quum
688 2891 737 2947 illo
752 2890 885 2959 venisset,
897 2889 958 2963 jam
973 2889 1052 2966 Age-

145 2965 246 3035 silaus,
262 2968 360 3025 multis
375 2968 446 3024 locis
460 2971 640 3044 expugnatis,
657 2988 762 3045 magna
776 2980 838 3026 erat
863 2969 960 3045 praeda
983 2969 1051 3044 poti-

145 3053 201 3101 tus.
246 3045 326 3102 Laco
348 3056 454 3115 autem,
469 3066 560 3121 quum
575 3048 692 3115 videret,
710 3049 801 3104 hostes
822 3049 950 3124 equitatu
969 3062 1052 3122 supe·¹
1072 3051 1091 3104 6

145 3137 220 3192 rare,
236 3142 394 3198 numquam
414 3126 443 3180 in
468 3143 570 3199 campo
594 3127 640 3182 sui
665 3126 733 3182 fecit
757 3136 933 3200 potestatam,
956 3136 984 3183 et
1007 3127 1052 3183 his

144 3200 216 3257 locis
230 3219 349 3258 manum
364 3204 518 3270 conseruit,
534 3204 640 3278 quibus
661 3205 726 3278 plus
740 3203 885 3278 pedestres
900 3205 989 3279 copiae
1004 3223 1051 3260 va-

145 3279 248 3338 lerent.
292 3279 407 3355 Pepulit
433 3299 511 3355 erge,
536 3283 774 3356 quotiescumque
800 3301 974 3358 congressus
999 3291 1050 3351 est,

145 3358 235 3414 multo
259 3358 384 3433 majores
410 3359 641 3415 adversariorum
664 3362 770 3436 copias,
797 3369 825 3414 et
852 3362 894 3416 sie
919 3361 949 3415 in
978 3360 1052 3416 Asia

145 3446 276 3492 versatus
292 3447 342 3503 est,
360 3446 389 3492 ut
404 3438 533 3492 omnium
548 3438 678 3511 opinione
694 3439 785 3493 victer
800 3437 966 3493 duceretur.

183 3513 237 3571 IV.
260 3513 319 3571 Hic
342 3533 433 3588 quum
456 3514 517 3588 jam
533 3517 629 3570 anime
648 3515 836 3571 meditaretur
858 3514 1001 3588 proficisci
1020 3513 1050 3568 in
1073 3517 1088 3570 1

145 3588 258 3662 Persas,
273 3601 303 3650 et
323 3593 418 3670 ipsum
433 3610 533 3669 regem
554 3593 668 3662 adoriri,
683 3593 803 3649 nuntius
828 3591 855 3646 ei
878 3591 960 3647 deme
974 3590 1053 3648 venit

1049 3682 1057 3706 ἱ
