2474 4080
216 247 258 306 38
539 240 599 303 ΙΧ.
644 242 789 323 (Conon.)

175 389 189 446 l
252 387 309 445 III.
350 385 417 444 Hoc
427 386 541 461 dejecto
550 386 710 444 Pausanias
725 386 804 442 venit
818 385 922 443 Atticis
937 385 1054 456 auxilie,
1062 404 1116 444 rex

213 465 505 523 Lacedaemoniomm.
547 465 577 521 Is
601 465 676 521 inter
697 463 911 538 Thrasybulum
932 474 961 520 et
984 465 1116 540 eosqui

211 545 312 599 urbem
324 545 469 611 tenebant,
488 542 558 599 fecit
571 561 674 616 pacem
696 541 744 598 his
759 541 986 599 conditionibus:
1009 561 1047 599 ne
1066 543 1115 617 qui

211 632 314 696 praeter
334 621 451 695 triginta
463 631 600 694 tyrannos
616 630 644 676 et
666 620 778 688 decem,
793 620 841 692 qui
862 630 964 693 postea
978 630 1115 694 praetores

213 699 303 754 creati
318 698 474 773 superioris
489 716 567 754 more
583 698 759 753 crudelitatis
774 708 855 754 erant
867 697 923 766 usi,
935 698 1116 756 afficerentur
1167 754 1168 758 ,

213 776 335 845 exsilio;
355 795 429 833 neve
444 776 757 850 bonapublicarentur;
779 775 944 850 reipublicae
952 777 1115 850 procuratio

172 858 190 911 2
212 856 317 929 populo
331 855 505 911 redderetur.
548 854 721 910 Praeclarum
734 854 790 909 hoc
804 872 914 926 quoque
929 853 1114 927 Thrasybuli,

243 965 279 1003 403
330 933 413 1006 quod,
428 931 614 988 reconciliata
634 951 716 1006 pace,
731 950 815 1004 quum
829 931 980 1005 plurimum
1000 931 1030 988 in
1045 931 1115 988 civi·

211 1023 226 1052 ⁸
245 1014 269 1052 ⁰·
282 1025 303 1052 ¹¹·
330 1022 386 1067 tate
411 1020 519 1084 posset,
535 1010 631 1083 legem
654 1010 734 1065 tulit:
767 1029 804 1065 ne
829 1009 892 1082 quis
908 1019 972 1065 ante
988 1020 1115 1067 actarum

210 1107 305 1145 rerum
328 1099 520 1157 accusaretur,
535 1106 609 1143 neve
633 1088 814 1155 multaretur;
841 1106 960 1160 eamque
984 1087 1028 1143 illi
1043 1088 1114 1144 obli·

173 1170 190 1222 3
212 1167 305 1222 vionis
321 1167 507 1240 appellarunt.
549 1165 652 1238 Neque
667 1183 735 1221 vero
755 1164 830 1222 hanc
844 1175 952 1221 tantum
966 1164 1115 1222 ferendam

212 1245 330 1312 curavit,
345 1244 398 1300 sed
419 1243 513 1312 etiam,
528 1253 558 1298 ut
577 1244 695 1311 valeret,
717 1243 824 1299 effecit.
865 1243 894 1298 N
897 1263 941 1298 am
955 1262 1041 1316 quum
1054 1244 1114 1317 qui·

211 1321 278 1378 dam
292 1341 329 1378 ex
343 1321 399 1390 his,
413 1321 460 1394 qui
477 1321 561 1393 simul
577 1340 642 1377 cum
657 1339 692 1377 eo
706 1321 736 1376 in
750 1321 854 1378 exsilio
869 1321 989 1390 suerent,
1005 1323 1114 1379 caedem

211 1398 308 1456 secere
324 1418 421 1456 eorum
431 1400 549 1468 vellent,
559 1418 624 1455 cum
637 1400 737 1473 quibus
753 1400 784 1455 in
795 1399 915 1474 gratiam
923 1400 1045 1456 reditum
1053 1411 1114 1457 erat

211 1478 335 1552 publice,
349 1477 501 1552 prohibuit,
516 1488 544 1532 et
558 1477 597 1546 id,
611 1478 685 1550 quod
700 1478 844 1552 pollicitus
860 1489 929 1546 erat,
943 1477 1083 1552 praestitit
1165 1532 1170 1541 ‚

175 1560 188 1613 l
252 1555 306 1612 IV.
348 1555 425 1611 Huic
440 1573 490 1630 pro
505 1556 591 1611 tantis
605 1556 715 1611 meritis
729 1555 845 1612 honoris
861 1574 967 1612 corona
978 1575 995 1612 a
1008 1557 1113 1630 populo

211 1634 277 1692 data
299 1644 352 1703 est,
374 1632 449 1691 saeta
470 1633 579 1691 duabus
606 1633 725 1710 virgulis
751 1633 903 1710 olcaginia
930 1653 1014 1708 qnam
1038 1635 1114 1709 quod

213 1732 292 1770 amor
300 1713 416 1782 civium,
425 1733 482 1769 non
491 1713 534 1769 vis
545 1724 736 1789 expresserat,
742 1715 850 1770 nullam
857 1713 956 1769 habuit
965 1713 1113 1784 invidiam,

124 1832 129 1847 r
171 1796 190 1848 2
211 1810 370 1866 magnaque
395 1791 447 1848 fuit
471 1792 570 1866 gloria.
625 1792 707 1848 Bene
733 1810 801 1866 ergo
827 1791 955 1848 Pittacus
980 1791 1040 1861 ille,
1065 1791 1114 1865 qui

211 1880 324 1944 septem
337 1871 499 1945 sapientum
511 1886 629 1927 numero
643 1879 688 1925 est
709 1869 833 1938 habitus
847 1887 932 1942 quum
946 1869 974 1925 ei
996 1870 1114 1944 Mytile-

210 1949 267 2004 naei
288 1949 376 2004 multa
399 1949 479 2005 milia
501 1949 633 2023 jugerum
655 1948 716 2022 agri
739 1966 857 2003 munera
878 1948 986 2016 darent,
1007 1948 1113 2018 Nolite,

211 2046 258 2082 oro
272 2047 329 2095 vor,
344 2026 442 2099 inquit,
457 2027 487 2082 id
500 2028 565 2082 milri
579 2026 653 2094 dere,
668 2026 739 2100 qood
757 2026 838 2081 multi
857 2027 1006 2094 invideant,
1016 2026 1115 2101 plures

211 2107 294 2160 etiam
315 2107 515 2179 concupiscant,
561 2105 652 2167 Quare
673 2124 705 2158 ea
727 2105 792 2159 istis
811 2103 872 2159 nolo
893 2103 1018 2178 amplius,
1033 2124 1115 2177 quam

212 2193 318 2237 eentum
334 2183 447 2255 jugera,
461 2201 518 2255 que
533 2192 560 2236 et
584 2202 669 2236 meam
683 2183 768 2237 enimi
781 2184 934 2255 equitatem
955 2192 981 2236 et
994 2192 1114 2238 vestram

212 2259 378 2314 volontatem
400 2260 527 2314 indicent.
570 2258 646 2314 Nam
661 2277 748 2332 parva
761 2278 879 2315 munere
903 2259 1020 2327 diutIne‚
1034 2259 1113 2315 locu·

173 2342 190 2394 3
212 2336 301 2412 pletia
314 2355 371 2392 non
385 2336 498 2410 propria
513 2355 579 2391 esse
591 2348 809 2392 consueverunt.
839 2338 895 2394 llla
908 2338 993 2411 igitur
1008 2356 1115 2393 corona

213 2424 363 2469 contentus
384 2413 583 2487 Thrasybulus
598 2432 690 2486 neque
706 2415 827 2488 amplius
842 2415 999 2487 requisivit,
1019 2434 1113 2488 neque

173 2496 380 2565 4quemquam
404 2491 511 2548 honore
538 2511 570 2548 se
594 2493 790 2548 antecessisse
817 2493 1000 2548 existimavit.
1054 2493 1113 2550 Hic

212 2570 344 2643 sequenti
368 2581 505 2645 tempore,
526 2589 612 2643 quum
639 2583 740 2645 praetor
765 2572 891 2627 classem
916 2571 952 2626 ad
978 2571 1115 2628 Ciliciam

212 2647 380 2723 appulisset,
391 2668 484 2721 neque
499 2649 570 2705 satis
586 2649 739 2723 diligenter
753 2649 783 2704 in
798 2649 901 2704 castris
916 2650 978 2722 ejus
994 2667 1115 2722 ageren-

235 2757 274 2796 390
329 2737 375 2783 tur
384 2727 503 2803 uigilia,
518 2746 535 2783 a
548 2728 684 2795 barbaris,
697 2746 734 2782 ex
745 2727 850 2801 oppido
864 2736 951 2783 noctu
965 2726 1115 2802 eruptione

210 2815 232 2849 ι
244 2805 269 2847 ⁰·
281 2816 303 2846 ἢ
329 2804 415 2875 facta,
428 2806 460 2862 in
472 2806 656 2861 tabernaculo
670 2805 837 2862 interfectus
853 2813 907 2861 est.

526 3003 808 3018 -ῃ

472 3138 555 3214 ΙΧ.
609 3140 857 3216 ΟΟΝΟΝ.

508 3374 819 3433 ARGUMENTUM.

216 3502 312 3565 GAP.
334 3501 361 3562 Ι.
402 3502 602 3582 Peloponnesio
617 3505 684 3562 bello
699 3505 763 3561 bene
776 3505 940 3563 mereturde
953 3505 1039 3583 repbl.
1069 3503 1117 3566 ΙΙ.

252 3583 347 3642 Exsul
366 3581 470 3640 Persis
483 3585 548 3639 usui
568 3594 610 3640 est
630 3583 764 3639 adversus
777 3582 1009 3642 Lacedemonios.
1051 3583 1110 3644 ΙΙΙ
