2474 4080
342 214 462 319 XVIII.
509 224 557 292 12,
575 224 622 281 13.
669 217 862 303 (Eumenes.)
1013 224 1055 282 ta

147 369 275 445 colloqui
299 369 499 445 consolarique
520 380 680 445 cuperent3
703 371 787 428 multi
808 372 904 440 etiam,
919 372 970 446 qui
991 372 1056 448 ejus

147 445 270 505 formam
290 466 465 523 cognoscem
479 449 639 516 studebant,
661 449 756 523 qualis
777 461 861 518 esset,
882 469 968 525 quem
983 460 1053 507 tam-

147 525 196 582 diu
217 535 336 600 tamque
352 525 434 582 valde
449 527 618 595 timuissent,
634 529 719 601 cujus
740 527 769 583 in
785 529 912 601 pernicie
934 529 1054 603 positam

146 623 227 680 spem
242 604 411 659 habuissent
426 605 572 669 victorie.
606 606 647 661 At
668 604 825 673 Eumenes,
840 625 931 681 quum
945 606 1053 663 diutius
1074 611 1092 664 3

146 683 176 738 in
191 681 320 738 vinculis
339 696 423 750 esset,
439 683 479 739 ait
504 681 696 750 Onomar-che,
722 701 810 756 penes
833 702 918 758 quern
940 703 1062 741 summa·

146 759 262 836 imperii
277 770 340 835 erat
351 760 496 828 custodiae,
507 779 538 816 se
554 761 662 828 mirari,
673 779 763 834 quare
775 760 836 834 jam
852 763 966 818 tertium
976 762 1051 818 diem

146 838 188 895 sic
213 847 380 894 teneretur:
402 856 458 914 non
481 838 637 915 enimboc
652 839 805 894 convenire
826 839 965 915 Antigoni
986 859 1051 914 pru-

146 915 310 983 dentiaefu't
331 915 374 970 sic
394 912 673 986 deuteret'ur'uict03
696 917 831 990 quin-aut
856 917 988 985 interfici,
1004 926 1053 973 aut

147 994 269 1051 missum
290 993 353 1049 fieri
372 992 498 1068 juberet.
540 993 598 1050 Hic
619 1012 709 1067 quum
731 993 855 1050 ferocius
870 993 1053 1051 Onomarcho
1073 1000 1092 1052 4

146 1070 225 1147 loqui
240 1070 394 1141 videretur,
409 1074 501 1146 quid?
522 1081 560 1139 tu,
575 1072 676 1146 inquit,
698 1074 828 1128 animosi
847 1075 899 1128 isto
914 1092 986 1140 eras,
1002 1091 1054 1128 eur

145 1148 244 1207 neuin
259 1149 359 1222 proeiio
373 1152 496 1206 cecidiuz'
512 1153 710 1224 potiusquam
730 1151 759 1206 in
775 1159 934 1222 potestatem
949 1153 1053 1206 inimici

145 1229 283 1286 venires?
304 1226 384 1284 Huic
399 1226 555 1297 Eumenes,
566 1232 671 1285 utinum
685 1228 793 1302 quidem
806 1231 881 1285 istud
895 1229 1052 1286 euenisset!
1072 1232 1090 1284 5

145 1307 196 1364 scd
209 1323 241 1362 eo
254 1323 310 1360 nou
324 1307 434 1374 accidit,
450 1308 521 1380 quod
541 1326 688 1380 numquam
707 1326 767 1362 cum
778 1304 901 1382 fortiore
915 1326 975 1362 sum
990 1324 1051 1363 cou-

144 1402 271 1459 gressus.
314 1381 380 1439 Nou
394 1386 466 1440 euim
488 1404 548 1440 cum
572 1403 704 1458 quoquam
717 1404 795 1441 arma
820 1387 930 1453 mutuli,
945 1388 1011 1458 quin
1025 1388 1052 1441 is

145 1463 212 1519 milti
225 1461 412 1517 succubuerit.
454 1460 521 1518 Nou
535 1465 606 1519 euim
619 1465 718 1520 virtute
740 1463 864 1530 bostium,
886 1465 935 1519 sed
951 1466 1050 1519 amico-

145 1559 207 1598 rum
217 1539 338 1616 perfidia
353 1542 454 1596 decidi.
498 1541 618 1615 [Neque
639 1541 667 1596 id
689 1540 804 1596 falsum.
845 1540 923 1597 Nam
938 1552 966 1598 et
990 1541 1049 1617 dig-

145 1619 234 1675 nitate
250 1616 446 1687 inamoena,
462 1629 489 1675 et
504 1619 614 1675 viribus
629 1618 664 1674 ad
685 1619 813 1674 laborem
836 1617 985 1675 ferendum
1003 1620 1049 1674 fir-

146 1697 209 1765 mis,
226 1714 320 1769 neque
336 1707 393 1752 tam
409 1715 513 1773 magno
527 1715 654 1772 corpore,
670 1715 757 1771 quam
773 1697 868 1772 figura
883 1697 1029 1772 venusta]

186 1773 254 1831 XII.
278 1772 322 1829 De
338 1775 391 1830 hoc
406 1775 571 1851 Antigonus
594 1793 684 1850 quum
708 1774 786 1830 solus
807 1776 978 1849 constituere
994 1794 1049 1831 non
1072 1777 1086 1830 1

146 1852 275 1919 auderet,
287 1851 322 1907 ad
338 1853 491 1908 consilinm
506 1854 615 1909 retulit.
656 1851 714 1908 Hic
729 1871 818 1925 quum
834 1854 926 1927 primo
941 1863 1049 1927 pertur-

146 1930 204 1987 bati
220 1930 442 1999 admirarentur,
458 1950 512 1987 non
524 1931 586 2006 jam
600 1930 636 1986 de
648 1949 681 1986 eo
695 1941 822 1986 sumtum
837 1949 900 1986 esse
915 1930 1049 2004 supplici·

146 2027 205 2077 um,
222 2028 238 2064 a
254 2026 311 2081 quo
326 2017 366 2064 tot
380 2027 468 2064 annos
483 2008 553 2065 adeo
568 2018 663 2065 essent
677 2008 752 2063 male
766 2008 863 2075 habiti,
880 2018 911 2063 ut
925 2026 999 2081 saepe
1015 2007 1050 2063 ad

104 2144 107 2148 ,
145 2085 374 2161 desperationem
399 2086 490 2143 forent
515 2086 648 2157 adducti;
672 2087 779 2161 quique
801 2087 941 2142 maximos
961 2085 1050 2142 duces

146 2162 359 2234 interfecisset3
391 2164 516 2238 denique
544 2165 573 2220 in
600 2183 657 2240 quo
682 2183 738 2220 uno
763 2174 837 2220 esset
864 2176 984 2233 tanturn,
1009 2174 1048 2232 ut,
1071 2168 1090 2219 2

126 2269 128 2272 ·
146 2242 238 2316 quoad
255 2242 304 2297 ille
319 2242 438 2309 viveret,
453 2244 508 2317 ipsi
522 2245 618 2299 securi
633 2263 695 2299 esse
710 2261 766 2299 non
781 2252 902 2318 possent,
918 2242 1049 2299 intersec-

146 2330 182 2386 to,
192 2320 264 2377 nibil
280 2318 403 2376 habituri
415 2322 521 2396 negotii
530 2332 641 2378 essent:
663 2333 812 2397 postremo,
825 2323 848 2378 si
863 2322 905 2377 illi
922 2321 1050 2378 redderet

147 2399 280 2466 salutem,
295 2399 471 2474 quaerebant,
486 2400 591 2474 quibus
616 2401 716 2456 amicis
737 2409 811 2455 esset
836 2399 965 2456 usurusl
987 2412 1050 2456 sese

147 2477 306 2533 enimcum
323 2477 455 2534 Eumene
477 2477 550 2552 apud
572 2497 640 2534 eum
655 2496 711 2533 non
736 2476 857 2533 futuros.
899 2477 967 2545 Hic,
983 2497 1048 2552 cog·
1071 2479 1089 2532 3

147 2555 207 2610 nita
221 2555 334 2611 consilii
357 2555 512 2624 voluntate,
528 2567 624 2613 tamen
640 2574 732 2629 usque
750 2554 785 2610 ad
806 2555 959 2628 septimum
974 2554 1050 2610 diem

147 2631 328 2689 deliberandi
349 2634 403 2690 sibi
424 2635 549 2709 spatium
570 2634 696 2708 reliquit.
739 2630 818 2687 Tum
837 2642 944 2698 autem,
960 2649 1051 2704 quum

148 2709 205 2788 jam
222 2723 380 2780 vereretur,
396 2729 433 2767 ne
457 2730 516 2786 qua
530 2711 632 2767 seditio
653 2709 798 2766 exercitus
812 2710 945 2776 oriretur,
962 2708 1052 2763 vetuit

148 2787 184 2845 ad
198 2806 267 2844 eum
281 2808 456 2864 quemquam
467 2789 585 2857 admitti,
596 2799 624 2845 et
638 2786 836 2865 quotidianum
852 2787 960 2842 victum
975 2804 1050 2841 amo-

149 2867 209 2922 veri
231 2867 327 2940 jussit.
371 2867 450 2924 Nam
475 2868 608 2942 negabat,
630 2886 661 2923 se
686 2865 794 2921 civim
819 2864 986 2931 allaturum,
1001 2862 1051 2937 qui

149 2944 302 3019 aliquando
326 2947 426 3002 iu1sset
451 2946 576 3001 amicus
631 2944 690 3001 Hic
718 2953 814 3000 tamen
836 2961 893 2999 non
918 2940 1050 3017 amplius
1073 2946 1091 2998 4

148 3041 236 3096 quam
251 3022 388 3091 triduum,
400 3022 475 3080 fame
490 3021 635 3098 fatigatus,
645 3040 736 3097 quum
751 3030 847 3077 castra
857 3031 1050 3090 moverentur,

149 3101 288 3157 'nsciente
304 3101 459 3178 Antigono,
471 3100 624 3176 jugulatus
638 3110 681 3156 est
696 3119 712 3156 a
727 3100 902 3155 custodibus.

188 3177 269 3235 XIII.
292 3178 341 3249 Sic
356 3178 505 3234 Eumenes
520 3178 795 3252 annorumquinque
810 3187 838 3232 et
852 3177 1051 3252 quadraginta,
1074 3179 1090 3232 1

148 3274 236 3330 quum
258 3257 294 3312 ab
316 3275 392 3312 anno
414 3255 559 3322 vicesimo,
582 3264 614 3310 ut
634 3273 722 3331 supra
742 3254 924 3322 ostendimus,
945 3266 1054 3329 septem

149 3352 238 3390 annos
260 3334 390 3410 Philippo
406 3333 595 3409 apparuisset,
614 3343 643 3389 et
668 3331 806 3388 tredecim
822 3330 895 3406 apud
922 3332 1050 3387 Alexan-

149 3411 233 3468 drum
248 3413 382 3468 eumdem
397 3412 493 3469 locum
508 3411 683 3478 obtinuisset,
699 3411 728 3465 in
750 3410 794 3464 bis
815 3426 905 3463 unum
925 3411 1054 3484 equitum

150 3489 203 3546 aloe
226 3488 396 3565 praefuisset,
419 3499 480 3563 post
505 3499 602 3544 autem
624 3486 786 3544 Alexandri
811 3484 911 3558 Magni
936 3495 1055 3541 mortem

150 3567 305 3644 imperator
320 3568 466 3624 exercitus
480 3567 616 3635 duxisset,
632 3581 817 3638 summosque
840 3560 930 3618 duces
952 3561 1056 3636 partim
