2474 4080
392 271 453 334 ΙΙΙ.
476 279 505 348 2,
522 278 551 335 3.
597 270 786 353 (Aristides.)
1002 275 1041 336 Β]

145 416 215 493 quid
227 417 370 475 Aristides
383 418 585 487 commisisset,
597 436 648 474 cur
661 428 738 474 tanta
751 437 837 493 poena
847 417 951 492 dignus
963 417 1051 476 duce·
1142 412 1144 416 ¹

146 499 243 554 returl
286 496 342 553 Cui
355 496 406 552 ille
427 496 584 570 respondit,
599 515 632 552 se
653 496 786 570 ignorare
800 497 974 565 Aristidem
996 496 1050 553 sed
1069 500 1089 555 4

147 575 203 633 sibi
216 592 274 631 non
288 575 414 649 placere,
425 574 499 648 quod
513 585 570 630 tarn
585 573 689 649 cupide
704 575 891 643 elaborasset,
905 585 935 631 ut
948 586 1051 649 praeter

147 665 261 710 ceteros
276 653 375 710 Justus
390 653 591 727 appellaretur.
632 652 691 709 Hic
712 653 814 709 decem
828 671 964 709 annorum
977 654 1050 728 legi·
1071 658 1089 710 5

146 733 245 788 timam
266 749 380 806 poenam
401 749 458 786 non
482 732 608 805 pertulit.
657 730 734 786 Nam
761 742 910 806 postquam
935 731 1050 789 Xerxes

147 810 178 866 in
200 809 345 866 Graeciam
367 808 529 878 descendit,
544 820 626 865 sexto
640 807 701 864 fere
723 828 798 864 anno
801 828 906 882 ,quam
927 822 987 865 erat
1001 829 1051 866 ex·

147 889 258 964 pulsuS,
272 887 467 963 populiscito
459 906 490 943 1n
503 887 623 961 patriam
636 887 783 943 restitutus
799 898 852 943 est.

188 966 229 1022 ll
264 965 396 1022 Interfuit
419 976 514 1021 autem
540 984 642 1040 pugnae
666 965 762 1021 navali
790 965 866 1039 apud
895 965 1087 1036 Salamina,l

148 1063 212 1117 quae
238 1043 315 1100 facta
339 1054 384 1100 est
410 1037 499 1118 prius‘,
524 1063 608 1116 quarn
631 1062 715 1118 poena
739 1044 915 1100 liberaretur.
970 1044 1051 1100 Idem

147 1135 250 1195 praetor
270 1122 323 1178 fuit
344 1121 566 1178 Atheniensium
587 1122 662 1196 apud
683 1122 835 1179 Plataeas
828 1141 857 1178 rn
871 1122 981 1196 proelio,
995 1141 1051 1197 quo

149 1201 318 1258 Mardonius
339 1200 430 1268 fusus,
454 1201 691 1273 barbarorumque
716 1201 860 1256 exercitus
883 1201 1050 1257 interfectus

150 1290 203 1335 est.
245 1279 349 1352 Neque
365 1276 442 1335 aliud
458 1289 503 1334 est
515 1279 604 1334 ullum
620 1278 705 1354 hujus
720 1279 750 1334 in
763 1297 794 1334 re
809 1279 924 1335 militari
939 1280 1049 1336 illustre
1070 1285 1088 1336 2
1186 1311 1189 1317 ·

149 1357 264 1426 facturn,
279 1375 363 1431 quam
383 1356 469 1432 hujus
490 1357 604 1431 imperii
623 1357 778 1425 memoria,
796 1358 914 1432 justitiae
928 1376 1007 1427 vero,
1022 1368 1051 1413 et

150 1436 300 1508 aequitatis,
329 1447 358 1490 et
382 1435 555 1492 innocentiae
578 1435 682 1491 multa:
704 1436 735 1490 in
756 1436 866 1509 primis,
888 1436 963 1509 quod
987 1437 1050 1511 ejus

150 1513 280 1586 aequitate
252 1512 411 1569 tfactum
426 1524 490 1581 est,
514 1532 600 1586 quum
623 1514 654 1569 in
681 1513 824 1569 communi
848 1514 943 1570 classe
972 1524 1052 1570 esset

153 1591 274 1647 Graeoiae
295 1591 380 1648 simul
395 1610 460 1647 cum
475 1591 620 1648 Pausania
622 1610 699 1681 ,quo
719 1592 792 1648 duce
808 1591 976 1648 Mardonius
991 1603 1052 1648 erat

150 1668 273 1745 fugatae,
287 1680 318 1726 ut
338 1689 448 1743 summa
473 1669 587 1744 imperii
608 1669 740 1726 maritimi
764 1671 799 1726 ab
822 1671 1051 1727 Lacedaemoniis

150 1748 349 1804 transferretur
363 1749 399 1804 ad
414 1748 620 1805 Athenienses.
662 1749 793 1822 Namque
815 1760 880 1804 ante
896 1748 926 1804 id
939 1760 1050 1823 tempus
1072 1751 1090 1805 3

151 1837 180 1882 et
193 1826 263 1882 mari
278 1838 307 1882 et
320 1838 395 1883 terra
409 1826 498 1882 duces
514 1837 594 1883 erant
609 1826 831 1883 Lacedaemonii.
868 1827 944 1883 Tum
958 1838 1053 1883 autem

151 1914 180 1960 et
200 1904 419 1979 intemperantia
444 1905 605 1974 Pausania,
627 1916 655 1961 et
672 1904 784 1979 justitia
804 1904 910 1960 factum
929 1915 975 1961 est
988 1905 1052 1960 Ari·

152 1982 245 2052 stidis,
259 1995 289 2039 ut
304 2001 404 2040 omnes
418 1983 479 2040 fere
496 1983 627 2039 civitates
645 1983 766 2039 Graeciae
780 1983 816 2038 ad
831 1982 1052 2041 Atheniensium

151 2062 320 2118 societatem
329 2081 361 2117 se
372 2062 558 2137 applicarent,
569 2072 598 2117 et
606 2061 743 2118 adversus
753 2062 887 2117 barbaros
895 2060 949 2118 hos
961 2060 1052 2118 duces

151 2139 313 2213 deligerent
327 2140 391 2196 sibi.

190 2218 247 2275 111.
270 2219 351 2284 Quos
373 2236 429 2291 quo
453 2217 570 2275 facilius
593 2218 776 2293 repellerent,
800 2218 826 2276 si
848 2217 920 2276 forte
944 2219 1051 2276 bellum
1075 2224 1088 2277 l

149 2314 287 2352 renovare
303 2308 481 2366 conarentur,
496 2297 532 2353 ad
553 2298 665 2354 classes
687 2297 871 2357 aedificandas
895 2298 1052 2354 exercitus-

150 2393 205 2448 que
217 2375 424 2449 comparandos
436 2387 570 2448 quantum
580 2377 709 2451 pecuniae
721 2395 838 2450 quaeque
849 2375 950 2432 civitas
962 2377 1051 2444 daret,

151 2452 294 2511 Aristides
309 2453 440 2509 delectus
461 2464 515 2522 est,
529 2455 577 2527 qui
592 2454 786 2524 constitueret,
802 2455 922 2530 ejusque
936 2454 1051 2511 arbitrio

150 2530 345 2606 quadringena
359 2541 388 2586 et
407 2550 555 2606 sexagena
574 2533 681 2589 talenta
701 2533 852 2604 quotannis
868 2532 974 2588 Delum
987 2543 1053 2588 sunt

152 2609 263 2665 collata.
305 2609 340 2666 ld
367 2609 444 2666 enirn
469 2628 619 2667 commune
645 2611 775 2666 aerarium
797 2628 864 2665 esse
892 2611 1050 2666 voluerunt.

152 2687 224 2753 Quae
238 2688 331 2744 omnis
352 2689 477 2761 pecunia
496 2699 612 2763 postero
627 2698 754 2762 tempore
770 2686 899 2742 Athenas
916 2687 1053 2744 translata

151 2775 205 2822 est.
260 2766 319 2822 Hic
343 2785 399 2839 qua
423 2766 508 2822 fuerit
532 2765 714 2834 abstinentia,
739 2765 848 2821 nullum
875 2775 920 2821 est
944 2765 1050 2822 certius
1071 2771 1089 2824 2

150 2843 297 2914 indicium,
311 2863 396 2918 quarn
416 2845 500 2919 quod,
514 2862 601 2918 quum
621 2843 708 2901 tantis
730 2845 816 2900 rebus
836 2843 1007 2918 praefuisset,
1021 2844 1052 2902 in

150 2932 228 2977 tanta
251 2934 418 2996 paupertate
441 2921 580 2993 decessit,
599 2931 640 2991 ut,
662 2921 711 2995 qui
735 2922 892 2992 efferretur,
917 2923 966 2979 vix
985 2922 1052 2980 reli·

150 3001 251 3073 querit.
294 3001 360 3065 Quo
374 3000 539 3057 factumt
495 3011 548 3069 est,
559 3011 591 3056 ut
602 3001 710 3058 filiae
685 3020 747 3076 eJus
762 3002 877 3075 publice
899 3003 1051 3071 alerentur,
1073 3005 1089 3059 3

150 3078 228 3134 etde
245 3079 387 3135 communi
401 3079 501 3135 aerario
520 3079 633 3136 dotibus
642 3080 716 3136 dat1s
732 3081 950 3138 collocarentur.
992 3080 1054 3162 ΒΘ-Ι

150 3156 241 3212 cessit
263 3167 358 3213 autem
385 3156 445 3213 fere
470 3168 535 3232 post
557 3176 662 3213 annum
688 3169 826 3231 quartum,
848 3177 932 3232 quam
980 3184 1017 3222 ru

149 3233 367 3292 Themistocles
377 3234 500 3292 Athenis
516 3246 578 3293 erat
592 3235 740 3312 expulsus
958 3243 971 3272 ⁸
990 3233 1014 3272 0
1027 3243 1049 3273 ¹²·
