2474 4080
406 235 465 299 IX.
491 245 518 313 1,
535 245 563 312 2,
582 245 610 300 3.
654 239 803 319 (Conon.)
1010 248 1052 307 39

185 384 384 443 ,Accusatores
405 383 609 458 Tissaphernae
619 404 668 459 per
692 385 800 442 litteras
813 388 874 461 agit
893 407 953 442 cum
966 389 1053 445 Arta·

189 481 280 519 aerae.
312 462 368 519 IV.
394 461 488 517 Vincit
502 462 721 519 Lacedaemonios
735 464 772 519 ud
789 464 917 520 Cnidum.
944 465 1053 522 Gracia

190 541 322 596 liberatur
332 551 359 596 et
369 541 579 596 Atheniensium
590 542 662 596 muri
672 542 841 618 amiciuntur.
882 541 916 598 V.
933 545 961 599 A
977 543 1051 600 ttri-

189 619 260 675 bazo
274 621 304 675 in
317 619 427 675 vinculo
441 619 593 691 conjicitur.

189 774 213 831 Ι.
256 774 367 841 Conon,
388 772 586 841 Atheniensis
607 774 820 846 Peloponnesio
834 777 911 832 bello
926 777 1051 832 accessit
1073 780 1086 835 1

148 852 186 909 ad
200 851 414 925 rempublicam,
429 850 459 906 in
474 869 564 922 eoque
580 852 642 924 ejus
658 869 745 924 opera
760 854 859 927 magni
873 854 933 910 fuit.
975 856 1050 911 Nam

148 940 178 987 et
200 942 303 1005 praetor
323 929 504 1004 pedestribus
520 929 694 983 exercitibus
710 929 829 1003 praefuit,
845 943 874 987 et
897 932 1049 1005 praelectus

148 1008 255 1065 classis
269 1026 316 1063 res
331 1025 449 1080 magnas
463 1006 535 1061 mari
549 1006 650 1079 gessit.
693 1008 773 1071 Quas
783 1010 818 1064 ob
834 1029 936 1065 causas
951 1011 1050 1084 preaci-

147 1105 221 1159 puus
246 1086 275 1141 ei
299 1085 390 1140 honos
416 1084 529 1140 habitus
556 1094 609 1138 est.
664 1084 795 1157 Namque
820 1088 951 1143 omnibus
975 1107 1049 1144 unus

147 1164 251 1219 insulis
267 1163 394 1236 praefuit:
417 1162 515 1234 inqua
529 1171 669 1235 potestate
685 1161 795 1219 Pheras
811 1165 897 1237 cepit,
908 1167 1049 1222 coloniam

148 1240 451 1300 Lacedaemoniorum.¹
474 1240 540 1295 Fuit
551 1238 636 1294 etiam
647 1251 774 1296 extremo
789 1242 931 1316 Pelopon·
987 1275 1024 1313 405
1069 1247 1087 1300 2

146 1321 231 1376 nesio
239 1321 315 1376 bello
326 1330 435 1392 praetor,
444 1336 529 1390 quum
538 1318 611 1390 apud
621 1318 715 1391 AEgos
725 1319 830 1376 fiumen
840 1322 931 1395 copiae
957 1334 976 1362 Β·
991 1324 1014 1362 ⁰·
1028 1335 1048 1362 ¹¹·

147 1397 369 1454 Atheniensium
397 1416 413 1451 a
442 1396 593 1469 Lysandro
621 1406 686 1450 sunt
714 1396 843 1455 devictae.
900 1399 960 1456 Sed
990 1411 1050 1456 tum

147 1475 246 1543 abfuit,
258 1494 348 1548 eoque
363 1476 446 1549 pejus
456 1493 503 1529 res
513 1473 708 1530 administrata
717 1488 770 1532 est.
801 1478 877 1533 Nam
886 1489 914 1533 et
924 1477 1049 1551 prudens

147 1554 191 1610 rei
215 1553 357 1622 militaris,
379 1564 408 1610 et
432 1552 556 1626 diligens
572 1562 632 1607 erat
653 1553 776 1626 imperii.
818 1555 916 1628 Itaque
941 1555 1049 1611 nemini
1070 1558 1088 1611 3

147 1644 209 1689 erat
222 1632 268 1688 his
283 1633 456 1706 temporibus
468 1630 592 1698 dubium,
607 1630 632 1686 si
647 1631 788 1701 affuisset,
802 1634 883 1690 illam
891 1633 1050 1689 Athenien-

147 1730 197 1768 ses
213 1711 403 1767 calamitatem
418 1718 587 1782 accepturos
602 1726 659 1763 non
673 1708 775 1766 fuisse.

187 1790 228 1846 ΙΙ.
251 1789 350 1845 Rebus
360 1799 454 1844 autem
463 1786 586 1854 afflictis,
598 1805 682 1857 quum
692 1788 812 1860 patriam
821 1788 946 1844 obsideri
956 1789 1050 1845 audis·
1073 1792 1085 1844 1

147 1879 201 1936 set,
215 1885 273 1923 non
288 1867 427 1939 quaesirit‚
442 1865 490 1921 ubi
504 1865 568 1938 ipse
582 1875 641 1920 tuto
656 1865 774 1933 viveret,
789 1867 841 1921 sed
855 1867 930 1922 unde
988 1896 1025 1934 399

146 1944 281 2020 praesidio
296 1954 396 2018 posset
410 1963 477 2000 esse
489 1942 599 1998 civibus
611 1942 681 1997 suis.
703 1943 802 2016 Itaque
815 1945 932 2000 contulit
959 1955 979 1983 Β·
993 1945 1016 1983 ⁰·
1029 1955 1049 1982 ¹²·

146 2043 180 2079 se
196 2023 232 2078 ad
247 2022 472 2089 Pharnabazum,
488 2032 622 2094 satrapen
633 2021 722 2077 Ioniae
738 2032 766 2076 et
781 2022 891 2096 Lydiae,
906 2020 1050 2077 eumdem·

146 2098 201 2174 q'ue
214 2119 351 2175 generum
362 2100 439 2174 regis
449 2110 478 2155 et
491 2099 694 2172 propinquum:
719 2101 793 2172 apud
802 2119 885 2172 quem
893 2112 924 2155 ut
932 2100 1049 2155 multum

147 2180 239 2253 gratia
252 2179 369 2245 valeret,
385 2179 472 2234 multo
493 2178 589 2232 labore
604 2177 755 2250 multisque
778 2179 876 2234 ess'ecit
899 2177 1047 2253 periculis

147 2258 224 2314 Nam
249 2275 334 2329 quum
362 2255 586 2322 Lacedaemouii,
611 2255 837 2312 Atheniensibus
861 2257 994 2324 devictiS,
1019 2256 1049 2311 in
1069 2259 1088 2311 2

147 2336 286 2392 societate
300 2353 357 2391 non
371 2343 530 2401 manerent,
547 2352 631 2404 quam
653 2353 717 2389 cum
738 2336 896 2391 Artaxerxe
911 2335 1048 2402 fecerant,

147 2413 370 2487 Agesilaumque
399 2412 534 2467 bellatum
558 2410 707 2468 misissent
734 2411 765 2468 in
791 2414 900 2480 Asiam,
924 2413 1048 2468 maxime

147 2488 262 2565 impulsi
278 2510 294 2546 a
309 2490 517 2564 Tissapherne,
532 2489 579 2561 qui
601 2508 639 2544 ex
658 2490 767 2545 intimis
782 2491 859 2564 regis
875 2492 909 2545 ab
925 2490 1050 2546 amicitia

148 2570 211 2643 ejus
222 2569 377 2636 defecerat,
390 2579 418 2624 et
430 2587 495 2623 curn
505 2567 734 2623 Lacedaemoniis
745 2569 853 2623 coierat
861 2568 1029 2622 societatem
1040 2587 1046 2622 :

148 2642 224 2703 hunc
246 2647 382 2702 adversus
405 2647 607 2702 Pharnabazus
628 2643 740 2700 habitus
762 2655 806 2700 est
826 2646 995 2717 imperatum
1016 2662 1047 2699 re

148 2725 263 2797 quidem
276 2743 344 2780 vera
360 2723 499 2779 exercitui
512 2722 623 2796 praefuit
638 2723 749 2790 Conon,
765 2723 883 2796 ejusque
898 2721 993 2776 omnia
1007 2739 1049 2776 ar·

148 2803 232 2858 bitrio
247 2813 329 2877 gesta
343 2813 417 2858 sunt.
459 2801 518 2856 Hic
532 2802 649 2856 multum
663 2801 766 2856 ducem
783 2818 931 2867 summum,
946 2798 1050 2873 Agesi·
1070 2802 1088 2855 3

148 2881 234 2949 laum,
248 2880 405 2954 impedivit,
421 2898 554 2953 saepeque
577 2880 639 2953 ejus
655 2879 786 2934 consiliis
812 2877 934 2944 obstitis
955 2895 1048 2950 neque

149 2976 217 3014 vero
239 2977 297 3014 non
319 2957 372 3014 fuit
396 2968 533 3031 apertum,
555 2957 581 3012 si
604 2957 654 3012 ille
676 2975 733 3011 non
755 2957 866 3025 suisset,
881 2954 1050 3030 Agesilaum

149 3036 361 3108 Asiam'Tauro
375 3047 458 3091 tenus
473 3035 536 3108 regi
550 3034 640 3090 luisse
651 3045 821 3107 erepturum.
864 3035 922 3100 Qui
936 3045 1049 3108 postea·
1070 3036 1089 3090 t

148 3133 232 3187 quam
246 3114 360 3169 domum
374 3133 391 3169 a
406 3114 465 3169 suis
487 3112 597 3169 civibus
612 3123 761 3168 revocatus
783 3122 836 3181 est,
850 3112 925 3186 quod
945 3111 1050 3168 Boeotii

149 3207 179 3249 et
193 3192 389 3248 Athenienses
405 3190 633 3247 Lacedaemoniis
645 3191 750 3245 bellum
764 3191 933 3257 indixerant,
949 3190 1050 3245 Conon

148 3269 240 3326 nihilo
262 3270 359 3325 secius
381 3269 456 3342 apud
474 3267 624 3343 praesectos
645 3268 723 3341 regis
751 3269 927 3327 versabatur.
947 3265 1049 3339 hisque

149 3348 280 3404 omnibus
296 3347 419 3402 maximo
435 3357 495 3402 erat
508 3345 583 3400 usui.

189 3426 246 3483 III.
270 3424 427 3482 Defecerat
441 3441 536 3496 arege
549 3420 875 3496 Tissaphernes,neque
889 3420 919 3476 id
932 3430 990 3476 tam
998 3420 1051 3476 Ar·
1073 3423 1086 3475 1

150 3502 270 3571 taxerxi‚
285 3520 369 3575 quam
384 3501 500 3568 ceteris,
516 3511 576 3555 erat
591 3510 727 3573 apertum.
770 3498 870 3554 Multis
887 3498 962 3553 enim
973 3516 1051 3570 mag·

150 3580 253 3654 nisque
274 3579 385 3637 meritis
407 3578 483 3653 apud
505 3596 613 3652 regem,
629 3577 716 3633 etiam
736 3593 821 3648 quum
840 3574 872 3631 in
885 3574 980 3631 officio
993 3591 1052 3630 non
