2474 4080
393 250 513 335 XVIII,
558 257 587 313 9.
633 204 827 335 (Eumenes.)
1017 261 1058 318 ''l'i

153 403 205 464 aad
221 415 253 462 ut
266 404 391 460 militum
406 403 527 479 cogebat
542 404 683 461 voluntas.
719 404 855 479 Namque
870 404 921 461 illa
936 405 1061 480 phalanx
1082 410 1101 463 2

156 482 319 541 Alexandri
335 482 445 557 Magni,
461 501 526 557 quae
549 483 652 538 Asiam
673 495 842 558 peragrarat
856 483 1060 557 deviceratque

153 562 259 619 Persas
284 563 443 617 inveterata
463 579 554 635 quum
568 561 738 635 gloriatum
753 562 840 616 etiam
862 561 988 629 licentia,
1004 581 1060 618 non

153 658 258 716 parere
279 658 310 696 se
332 637 464 708 ducibus,
486 638 535 694 sed
554 640 697 713 imperare
721 639 896 713 postulabat:
926 650 956 694 ut
981 658 1060 697 nuno

153 718 284 774 veterani
300 716 410 773 faciunt
430 717 529 772 nostri.
573 717 673 789 Itaque
695 717 857 791 periculum
872 728 923 784 est,
939 736 974 773 ne
990 717 1060 794 iaci·

152 806 212 864 ant,
228 795 303 871 quod
328 795 368 850 illi
395 793 527 859 iecerunt
547 813 601 850 sua
622 795 841 869 intemperantia
863 795 1006 869 nimiaque
1026 797 1058 851 li-

152 874 259 942 centia,
276 882 307 929 ut
321 873 416 929 omnia
432 872 560 948 perdant,
576 890 669 946 neque
686 874 780 927 minus
795 892 851 938 eos,
868 891 935 928 cum
954 875 1060 947 quibus

152 953 292 1018 steterint,
307 969 395 1026 quam
417 950 555 1006 adversus
580 969 651 1023 quos
673 948 804 1005 fecerint.
847 951 932 1015 Quod
957 952 980 1006 si
995 954 1098 1025 quisti

151 1029 269 1085 illorum
285 1040 485 1085 veteranorum
501 1028 578 1104 legat
594 1027 678 1094 saeta,
689 1029 769 1102 paria
783 1029 886 1103 horum
896 1040 1058 1103 cognoscat,

152 1125 247 1182 neque
264 1125 324 1162 rem
341 1107 441 1174 ullam,
457 1107 512 1162 nisi
533 1117 655 1181 tempuS,
677 1107 816 1162 interesse
838 1106 958 1180 judicet.
1002 1107 1058 1163 Sed

153 1184 189 1241 ad
214 1185 280 1242 ilios
300 1195 437 1240 revertar.
491 1184 622 1239 Hiberna
644 1194 807 1240 sumserant
831 1202 887 1240 non
913 1184 947 1239 ad
974 1203 1059 1240 usum

153 1263 232 1331 belli,
246 1263 296 1320 sed
322 1262 357 1318 ad
379 1263 505 1337 ipsorum
521 1263 677 1330 luxuriam,
700 1261 841 1337 longeque
862 1264 937 1318 inter
958 1281 988 1318 se
1004 1262 1058 1318 dis-

152 1351 310 1398 cesserant.
352 1339 416 1396 Hoc
442 1341 606 1415 Antigonus
630 1359 721 1413 quum
743 1341 936 1414 comperisset,
953 1342 1056 1397 intelli·
1078 1347 1098 1400 4

152 1430 299 1494 geretque,
315 1439 346 1476 se
367 1437 467 1494 parem
488 1437 543 1474 non
559 1437 622 1473 esse
644 1419 750 1492 paratis
766 1419 945 1486 adversariis,
961 1421 1059 1475 statuit

153 1497 261 1571 aliquid
277 1498 331 1552 sibi
355 1496 468 1552 consilii
493 1497 558 1551 novi
580 1515 642 1551 esse
663 1496 845 1570 capiendum.
888 1496 961 1552 Duae
977 1507 1059 1553 erant

153 1575 214 1640 viae,
231 1593 289 1649 qua
304 1595 339 1631 ex
357 1573 457 1641 Media,
474 1574 523 1630 ubi
544 1573 592 1629 ille
608 1574 759 1642 hiemabat,
776 1574 811 1630 ad
827 1575 1058 1631 adversariorum

152 1652 339 1708 hibernacula
354 1663 447 1726 posset
461 1653 615 1727 perveniri.
652 1652 786 1716 Quarum
802 1653 914 1708 brevior
929 1672 979 1727 per
994 1653 1058 1708 loca
1079 1657 1097 1710 5

151 1728 275 1798 deserta,
290 1749 356 1805 quae
370 1748 453 1786 nemo
474 1730 616 1786 incolebat
630 1740 743 1804 propter
759 1749 842 1803 aquae
863 1731 995 1805 inopiam,
1012 1751 1058 1786 ce·

151 1817 246 1864 terum
261 1808 374 1864 dierum
389 1818 452 1864 erat
477 1806 537 1864 fere
558 1808 678 1877 decem3
701 1809 751 1863 illa
767 1820 872 1875 autem,
888 1827 945 1881 qua
960 1827 1058 1864 omnes

151 1887 360 1953 commeabant,
376 1886 465 1941 altero
486 1897 563 1942 tanto
577 1886 733 1960 longiorem
750 1886 871 1941 habebat
885 1887 1056 1953 anfractum,

150 1963 198 2020 sed
214 1975 278 2019 erat
298 1965 413 2040 copiosa
426 1965 611 2037 omniumque
627 1982 724 2018 rerum
745 1963 904 2019 abundans.
946 1962 1012 2018 Hac
1033 1965 1057 2019 si
1078 1969 1096 2021 6

151 2042 393 2116 proficisceretur,
409 2041 595 2116 intelligebat,
612 2043 691 2116 prius
707 2041 886 2097 adversarios
901 2043 1056 2097 rescituros

150 2119 184 2176 de
199 2139 252 2177 suo
267 2119 402 2187 adventu,
423 2138 511 2193 quam
537 2121 596 2194 ipse
618 2120 730 2175 tertiam
756 2129 865 2194 partem
887 2119 1057 2176 coniecisset

150 2198 281 2268 itineris3
305 2198 350 2253 sin
366 2216 416 2273 per
429 2197 492 2253 loca
507 2198 568 2253 sola
589 2199 780 2265 contenderet,
796 2199 938 2272 sperabat,
954 2218 985 2253 se
1005 2199 1056 2253 im-

151 2276 322 2350 prudentem
345 2276 453 2331 hostem
475 2294 688 2350 oppressurum.
731 2277 778 2331 Ad
805 2276 879 2333 hanc
894 2296 953 2333 rem
970 2277 1055 2332 confi·
1077 2279 1095 2332 7

151 2355 285 2410 ciendam
311 2355 463 2427 imperavit
487 2372 575 2427 quam
598 2354 735 2428 plurimos
760 2364 838 2411 utres
860 2366 945 2429 atque
970 2356 1056 2411 etiam

150 2433 260 2488 culleos
275 2433 436 2507 comparari
450 2452 458 2502 3
483 2441 544 2506 post
565 2433 627 2488 haeo
642 2433 779 2506 pabulum
794 2453 801 2502 ;
825 2445 964 2507 praeterea
979 2434 1054 2488 ciba-

150 2511 193 2565 ria
206 2520 289 2566 cocta
304 2510 415 2566 dierum
431 2510 540 2577 decem,
552 2522 640 2584 utque
655 2530 742 2584 quam
759 2511 875 2566 minime
885 2512 966 2566 fieret
981 2512 1056 2585 ignis

149 2588 306 2644 incastris.
350 2587 416 2656 Iter,
431 2587 506 2662 quod
522 2588 653 2655 habebat,
669 2606 767 2643 omnes
782 2587 867 2644 celat.
910 2587 959 2643 Sic
974 2606 1055 2661 para-

149 2675 203 2733 tus,
219 2685 279 2740 qua
292 2667 487 2734 constituerat,
504 2667 703 2742 proficiscitur.

188 2743 242 2801 IX.
273 2744 433 2800 Dimidium
462 2743 521 2800 sere
549 2746 671 2818 spatium
701 2741 873 2811 confecerat,
902 2759 991 2817 quum
1020 2745 1093 2798 cxl

150 2819 235 2878 fumo.
244 2833 405 2878 castrorum
420 2822 483 2897 ejus
507 2823 632 2897 suspicio
654 2822 741 2892 allata
756 2832 798 2876 est
822 2820 857 2877 ad
882 2820 1054 2888 Eumenem,

149 2898 259 2956 hostem
285 2900 524 2975 appropinquare.
566 2900 749 2956 Conveniunt
773 2900 882 2970 duces3
905 2899 1054 2973 quaeritur,

147 2977 217 3051 quid
232 2996 304 3051 opus
319 2978 355 3033 sit
371 2977 455 3034 facto.
497 2977 700 3053 intelligebant
716 2997 824 3045 omnes,
841 2988 899 3035 tam
921 2978 1055 3034 celeriter

147 3057 245 3130 copias
261 3057 387 3130 ipsorum
403 3055 532 3111 contrahi
546 3073 602 3110 non
625 3075 715 3129 posse,
731 3075 818 3130 quam
834 3057 999 3130 Antigonus
1014 3054 1054 3111 af-

148 3131 441 3189 iuturus-videbatur.
484 3131 542 3188 Hic
556 3135 688 3188 omnibus
702 3135 899 3202 titubantibus,
919 3144 947 3189 et
962 3133 996 3189 de
1011 3152 1053 3189 re·
1075 3139 1094 3190 2

148 3211 200 3266 bus
222 3212 345 3266 summis
364 3210 590 3284 desperantibus,
607 3210 755 3266 Eumenes
769 3213 817 3279 ait,
833 3213 857 3267 si
878 3211 1055 3267 celeritatem

146 3290 237 3344 velint
253 3289 398 3355 adhibere,
414 3301 441 3343 et
456 3289 597 3362 imperata
613 3287 718 3356 iacere,
734 3288 808 3362 quod
831 3299 896 3345 ante
911 3307 967 3344 non
981 3288 1053 3345 fece-

147 3368 211 3435 rint,
228 3387 260 3423 se
276 3385 336 3423 rem
352 3365 564 3440 expediturum.
607 3366 684 3421 Nam
700 3366 775 3441 quod
801 3367 902 3422 diebus
926 3367 1054 3440 quinque

146 3445 234 3500 hostis
250 3445 387 3500 transisse
404 3454 505 3519 posset,
521 3463 552 3498 se
568 3444 749 3512 effecturum,
767 3458 867 3500 utnon
884 3445 979 3499 minus
993 3445 1054 3499 toti-

145 3522 208 3578 dem
241 3523 357 3578 dierum
384 3522 475 3596 spatio
498 3522 710 3577 retardaretur:
743 3540 832 3596 quare
858 3521 1054 3587 circumirent,

144 3617 271 3677 utrasque
286 3601 409 3676 quisque
424 3599 521 3675 copias
535 3600 726 3733 ⁰⁰¹¹”sseoel'
771 3597 819 3654 Ad
843 3596 983 3672 Antigoni
1004 3617 1053 3654 au·
1075 3602 1094 3656 3
