2474 4080
189 259 248 317 roo
292 251 400 317 xxv
436 258 483 328 ro,
498 258 609 327 rare
647 249 699 336 (Τ.
711 251 864 335 Pompeia.
876 251 1026 335 maus)

183 405 229 476 rii,
242 405 300 498 Q]
322 404 479 475 Hortensii,
500 405 574 463 Auli
599 404 749 497 Torquati,
771 404 929 463 multorum
950 415 1088 483 praeterea

182 485 312 575 equitum
328 485 524 540 Romanorum
537 484 653 560 negotia
664 493 842 559 procuraret.
884 482 933 541 Ex
946 502 1004 560 quo
1013 484 1089 565 judi,

182 564 245 621 cari
264 573 383 638 poteret,
397 579 454 618 non
477 562 591 633 inertia,
605 562 656 620 sed
674 561 785 638 judicio
789 560 909 647 fugisse
924 552 1089 639 reipublice

182 642 424 717 procurationem.

145 719 160 772 1
223 718 305 776 XVI
327 718 524 776 Humanitatis
544 736 613 775 vero
630 717 745 775 nullum
769 716 872 775 afferre
882 717 992 801 majus
1012 720 1084 777 testi·

182 799 310 854 monium
324 815 449 873 possum,
459 815 547 872 quum
561 795 636 872 quod
651 796 819 854 adolescens
833 790 911 854 idem
921 816 984 855 sem
976 797 1086 855 Sulla}

183 875 269 933 fuerit
280 875 519 950 jucundissimus,
534 893 623 931 senex
638 874 812 931 adolescenti
830 873 871 931 M.
887 874 997 948 Bruto3
1020 895 1085 933 eum

181 956 343 1046 aequalibus
357 963 453 1010 autem
467 954 537 1022 suis,
553 948 591 1017 Q.
606 952 759 1010 Hortensio
773 963 801 1010 et
822 951 863 1009 M.
880 952 1067 1025 Cicerone,
1045 972 1085 1010 sre

181 1035 293 1100 vixerit,
310 1043 341 1088 ut
357 1031 491 1107 judicare
512 1031 628 1088 difficile
643 1031 688 1098 sit,
703 1032 753 1088 cui
768 1031 844 1088 oetati
868 1030 955 1089 fuerit
975 1033 1084 1109 aptissi

141 1111 160 1163 2
181 1131 255 1167 mus.
298 1110 485 1184 Quamquam
500 1128 568 1165 eum
583 1110 727 1185 praecipue
742 1109 842 1167 dilexit
863 1109 976 1178 Cicero,
997 1122 1029 1168 ut
1042 1128 1083 1185 une

181 1189 270 1246 frater
284 1187 401 1263 quidem
415 1188 443 1244 ei
467 1187 596 1252 Quintus
616 1189 710 1245 carior
732 1186 819 1245 fuerit
832 1196 883 1245 aut
907 1187 1083 1247 familiarior.

141 1266 159 1319 3
181 1268 219 1324 Ei
240 1269 282 1323 rei
302 1276 369 1322 sunt
388 1265 503 1335 indicio,
520 1277 623 1341 praeter
644 1286 693 1323 eos
712 1266 809 1336 libros,
831 1266 862 1322 iu
881 1267 989 1342 quibus
1002 1267 1037 1325 de
1051 1287 1084 1325 eo

181 1345 248 1401 facit
269 1355 347 1400 ment
348 1345 452 1413 ionem,
473 1345 574 1435 quiin
588 1344 695 1421 vulgus
716 1344 808 1421 [jam]
832 1344 900 1403 surit
923 1345 1002 1434 editi,
1023 1365 1082 1403 sex-

179 1424 272 1481 decim
288 1423 436 1479 volumina
458 1423 652 1499 epistolarum,
675 1423 710 1480 ab
730 1424 883 1481 consulatu
908 1423 973 1498 ejus
995 1443 1083 1500 usque
1143 1454 1146 1461 ·

180 1502 216 1558 ad
238 1513 399 1558 extremum
420 1511 534 1577 tempus
549 1500 584 1557 ad
607 1502 739 1558 Atticum
753 1502 924 1559 missarumr
945 1521 1012 1578 quae
1034 1501 1083 1579 qui

179 1580 265 1657 legat,
277 1599 330 1637 non
347 1580 471 1636 multum
480 1579 620 1636 deuderet
635 1580 782 1636 hrstorram
791 1589 954 1637 contextam
969 1580 1083 1637 illorum

139 1657 158 1710 4
179 1669 351 1735 temporum.
386 1658 436 1715 Sic
451 1658 528 1715 enim
543 1658 640 1713 omnia
655 1658 689 1715 de
704 1657 805 1715 studiis
820 1659 993 1734 principum,
1008 1658 1082 1729 vitiis

179 1738 296 1830 ducum,
307 1737 511 1794 mutationibus
530 1735 698 1811 reipublioae
706 1739 870 1828 perscripta
880 1745 957 1807 sunt,
969 1747 1001 1796 ut
1012 1737 1080 1794 nihil

178 1818 207 1873 in
230 1818 265 1874 iis
279 1836 334 1873 non
350 1826 496 1892 appareat,
516 1825 544 1871 et
566 1813 652 1872 sacile
667 1816 827 1872 existimari
847 1815 943 1905 possit,
962 1815 1081 1892 pruden-

178 1897 247 1952 tiam
262 1893 470 1984 quodammodo
484 1913 547 1950 esse
562 1893 776 1950 divinationem.
810 1894 877 1950 Non
891 1894 970 1950 enim
982 1893 1082 1951 Cicero

178 1994 214 2031 ea
234 1975 336 2041 solum,
350 1992 417 2049 qnae
431 1972 496 2029 vivo
517 1991 548 2029 se
564 1971 740 2040 acciderunt,
756 1969 854 2028 futura
878 1972 1020 2047 praedixit,
1033 1971 1082 2031 sed

178 2055 274 2122 etiam,
290 2071 355 2126 quae
368 2070 447 2108 nunc
463 2069 518 2106 usu
533 2051 661 2119 veniunt,
677 2051 791 2120 cecinit,
808 2061 839 2107 ut
853 2060 944 2107 vates.

140 2128 155 2181 l
219 2131 314 2187 XVll.
337 2129 381 2186 De
404 2131 581 2203 pietatet
532 2129 703 2185 autemAtt'
673 2128 734 2185 ttrci
756 2092 825 2203 qdid
850 2129 934 2204 plura
958 2147 1080 2186 comme-

178 2208 309 2264 morem?
334 2226 425 2282 quum
440 2206 494 2262 boc
510 2207 604 2283 ipsum
620 2225 687 2264 vere
708 2207 879 2282 gloriantem
894 2207 1036 2264 audierim
1053 2207 1080 2262 iu
1097 2270 1102 2280 ¹

178 2285 280 2342 sunere
303 2285 402 2341 matris
426 2303 495 2352 suae,
518 2303 605 2359 quam
626 2286 729 2341 extulit
753 2303 892 2342 annorum
917 2286 1080 2362 nonaginta,

177 2383 268 2438 quum
283 2373 355 2419 esset
376 2372 484 2437 septem
506 2372 534 2418 et
547 2365 706 2438 sexaginta,
722 2381 753 2420 se
767 2382 927 2439 numquam
941 2383 1010 2421 curn
1024 2382 1080 2420 mu·

178 2452 221 2498 tre
242 2442 271 2496 in
288 2442 411 2517 gratiam
432 2439 546 2510 redisse,
566 2459 725 2517 numquam
740 2461 807 2498 cum
829 2460 925 2499 sorore
941 2440 1030 2498 fuisse
1052 2441 1081 2497 in

138 2519 157 2570 2
178 2521 331 2590 simultate,
357 2539 444 2597 quam
469 2538 555 2595 prope
581 2521 722 2610 aequalem
747 2519 878 2577 habebat.
935 2519 1022 2585 Quod
1040 2527 1082 2577 est

177 2600 301 2676 signum,
317 2608 367 2656 aut
388 2599 499 2656 nullam
514 2617 651 2674 umquam
666 2599 707 2654 int
708 2617 739 2654 er
753 2617 802 2655 eos
816 2598 1026 2672 querimoniam
1039 2598 1079 2654 in·

177 2680 351 2748 tarcessisse,
367 2688 417 2735 aut
438 2678 516 2734 hunc
541 2696 577 2734 ea
601 2675 712 2732 fuisse
704 2695 734 2731 ιιι
753 2695 821 2733 suos
834 2676 1025 2752 indulgentia,
1040 2685 1080 2744 ut,

138 2755 156 2808 3
177 2777 248 2831 quos
262 2765 360 2814 amare
374 2756 522 2825 deberet,
514 2756 600 2812 irasci
612 2756 653 2811 eis
667 2753 749 2811 nefas
763 2754 890 2811 duceret.
933 2754 1040 2829 Neque
1053 2718 1099 2810 id

178 2835 246 2893 fecit
259 2847 364 2892 natura
377 2836 480 2901 solum,
495 2852 672 2908 quamquam
694 2852 793 2889 ornnes
815 2833 841 2889 ei
864 2851 1010 2908 paremus,
1032 2831 1081 2889 sed

177 2914 264 2970 etiam
278 2913 419 2969 doctrina.
461 2911 540 2967 Nam
554 2922 582 2967 et
604 2912 767 2987 principum
792 2911 1023 2987 philosophorum
1042 2911 1083 2969 ita

177 3001 312 3065 percepta
326 2989 425 3045 habuit
444 2998 596 3063 praecepta,
612 3000 643 3046 ut
657 2990 693 3046 iis
707 2989 743 3047 ad
757 2989 846 3046 vitam
860 2988 1011 3065 agendam,
1025 3007 1083 3047 nou

177 3067 212 3123 ad
227 3067 451 3134 ostentationem,
467 3075 606 3122 uteretur.

139 3147 154 3203 l
218 3143 327 3201 XVlll.
352 3143 440 3200 Moris
461 3145 547 3200 etiem
568 3145 710 3219 majorum
724 3164 856 3202 summus
878 3145 1006 3202 imitator
1029 3143 1084 3202 fuit

178 3222 410 3297 antiquitatisque
436 3232 560 3279 amator:
595 3241 683 3298 quam
711 3224 782 3280 adeo
805 3222 958 3298 diligenter
982 3224 1084 3280 habuit

178 3301 331 3377 cognitam,
347 3311 378 3356 ut
398 3319 462 3356 eam
477 3310 563 3357 totam
583 3302 614 3357 in
628 3320 662 3357 eo
677 3301 822 3359 volumine
837 3303 1010 3377 exposuerit,
1026 3319 1084 3377 quo

137 3381 157 3435 2
178 3379 333 3461 magistrat
329 3397 363 3435 us
377 3378 498 3436 ornavit.
531 3378 624 3435 Nulla
638 3381 714 3435 enim
729 3380 785 3449 lex,
800 3398 894 3454 neque
909 3398 975 3454 pax,
988 3398 1084 3455 neque

178 3457 296 3525 bellurn,
311 3475 404 3532 neque
420 3475 466 3513 res
489 3456 592 3513 illust
558 3467 609 3513 rtrs
623 3467 665 3513 est
685 3457 782 3532 populi
798 3457 931 3526 Romani,
946 3476 1013 3532 quae
1026 3475 1085 3514 non

177 3536 208 3593 iu
222 3554 256 3593 eo
270 3553 322 3592 suo
335 3545 462 3610 tempore
477 3535 513 3591 sit
527 3544 637 3591 notata:
659 3545 695 3604 et,
710 3534 786 3610 quod
800 3534 1004 3592 difficillimum
1019 3533 1083 3602 fuit,

177 3614 221 3672 sie
243 3612 420 3672 familiarum
434 3613 575 3692 originem
588 3612 745 3683 subtexuit,
767 3622 798 3671 ut
819 3631 857 3671 ex
877 3631 912 3671 eo
936 3612 1085 3672 clarorum
