2474 4080
189 269 228 326 16
406 261 448 323 II.
484 267 514 336 4,
531 268 561 323 5.
598 262 861 341 (Themistocles.)

180 408 313 485 progredi
327 425 385 463 non
398 417 570 482 paterentur.
601 406 642 463 Hi
655 407 714 463 virn
727 406 852 463 hostiurn
865 427 922 465 non
937 407 1082 466 sustinue-

140 493 159 546 2
180 499 253 557 runt,
265 505 356 559 coque
368 487 433 542 loco
444 504 544 541 omnes
556 486 732 541 interierunt.
754 487 793 542 At
804 486 908 543 classis
921 488 1082 544 communis

182 564 302 622 Graeciae
328 576 521 620 trecentarum
548 563 672 632 navium,
699 564 729 620 in
758 584 814 637 qua
841 566 972 621 ducentae
1000 577 1083 623 erant

180 642 409 711 Atheniensium,
424 643 545 716 primum
559 642 633 716 apud
644 643 838 711 Artemisium,
852 644 926 699 inter
941 643 1081 705 Euboeam

180 722 430 794 continentemque
451 732 564 790 terram,
581 740 645 776 curn
665 721 823 776 classiariis
843 722 921 796 regis
941 722 1074 779 conflixit

180 799 337 874 Angustias
358 800 435 856 enim
449 800 664 855 Themistocles
680 801 831 872 quaerebat,
846 819 883 856 ne
901 800 1081 857 multitudine

141 883 158 935 3
181 879 387 934 circumiretur.
429 878 487 934 Hic
504 878 559 933 etsi
573 879 635 952 pari
649 879 750 952 proelio
765 878 971 947 discesserant,
985 890 1080 939 tamen

181 957 283 1013 eodem
297 958 362 1013 loco
374 974 428 1011 non
442 968 508 1011 sunt
519 957 582 1011 ausi
593 975 726 1011 manere:
748 957 823 1029 quod
838 968 898 1012 erat
911 956 1079 1031 periculum,

179 1055 227 1105 nc,
242 1035 268 1091 si
288 1054 354 1110 pars
369 1035 484 1089 navium
498 1034 728 1090 adversariorum
749 1034 889 1090 Euboeam
905 1050 1081 1109 superasset,

140 1115 300 1187 4ancipiti
326 1123 523 1187 premerentur
549 1112 689 1187 periculo.
731 1113 797 1177 Quo
832 1113 937 1169 factum
971 1124 1024 1183 est,
1052 1124 1083 1169 ut

180 1193 215 1248 ab
231 1191 387 1248 Artemisio
406 1190 600 1259 discederent,
615 1201 644 1246 et
659 1191 848 1247 exadversum
862 1192 992 1247 Athenas
1007 1192 1083 1267 apud

182 1271 329 1326 Salamina
344 1269 470 1325 classem
485 1288 565 1324 suam
580 1269 795 1325 constituerent.

220 1348 274 1405 IV.
316 1348 353 1402 At
377 1347 503 1416 Xerxes,
521 1346 726 1422 Thermopylis
752 1349 931 1423 expugnatis,
953 1347 1082 1422 protinus

180 1425 308 1490 accessit
332 1436 404 1494 astu,
429 1425 525 1500 idque,
550 1426 637 1482 nullis
666 1427 897 1495 defendentibus,
921 1427 1081 1483 interfectis

180 1503 389 1574 sacerdotibus,
402 1522 474 1577 quos
494 1504 526 1560 in
546 1523 612 1560 arce
634 1504 791 1573 invenerat,
807 1505 942 1561 incendio
964 1505 1081 1561 delevit.

140 1589 159 1641 2
196 1623 249 1662 Μ,
300 1582 391 1717 Cipus
405 1582 480 1639 fama
492 1582 636 1657 perterriti
648 1584 790 1639 classiarii
801 1603 886 1657 quum
898 1602 1013 1641 manere
1025 1602 1082 1640 non

197 1673 241 1711 Jut
299 1679 336 1717 au
356 1671 446 1729 erent,
462 1672 491 1717 et
510 1662 625 1735 plurimi
645 1661 833 1731 hortarentur,
847 1673 878 1717 ut
894 1662 994 1719 domos
1013 1681 1082 1719 suas

198 1722 242 1761 ⁴⁸⁰·
299 1740 419 1813 quisque
429 1740 825 1814 discederent,moenibusque
835 1761 867 1797 se
878 1741 1080 1797 defenderent:

180 1817 395 1876 Themistocles
407 1838 481 1874 unus
493 1819 605 1887 restitit,
617 1830 646 1875 et
656 1820 806 1875 universos
818 1838 903 1894 pares
916 1838 982 1875 esse
994 1838 1082 1893 posse

180 1899 283 1966 aiebat,
298 1897 447 1973 dispersos
463 1899 619 1954 testabatur
639 1900 790 1973 perituros,
805 1899 891 1972 idque
913 1896 1083 1972 Eurybiadi,

179 1976 243 2053 regi
257 1976 549 2046 Lacedaemoniorum,
561 1977 609 2050 qui
624 1988 682 2032 tum
693 1996 810 2033 summae
824 1976 938 2051 imperii
952 1988 1082 2051 praeerat,

141 2058 159 2111 3
180 2056 240 2112 sore
256 2056 420 2113 affirmabat.
451 2056 546 2120 Quem
560 2074 645 2127 quum
659 2055 762 2124 minus,
777 2075 860 2128 quam
874 2056 973 2124 vellet,
987 2073 1082 2111 move-

179 2146 232 2203 ret,
246 2143 333 2188 noctu
347 2134 383 2189 de
402 2134 496 2188 servis
514 2133 585 2200 suis,
600 2151 685 2205 quem
704 2132 803 2189 habuit
824 2134 1032 2204 fidelissimum,
1047 2133 1083 2190 ad

178 2228 279 2286 regem
299 2210 387 2279 misit,
400 2220 432 2264 ut
455 2208 483 2264 ei
507 2209 651 2266 nuntiaret
674 2212 734 2265 suis
756 2211 870 2268 verbis:
900 2213 1082 2269 adversarios

140 2288 244 2363 Aejus
266 2285 297 2343 iu
318 2285 387 2361 suga
408 2305 494 2343 esse:
527 2287 623 2361 quisi
646 2288 863 2357 discessissent,
885 2291 994 2365 majore
1017 2310 1082 2348 cum

179 2368 277 2425 labore
287 2364 657 2440 etlonginquioretempore
667 2367 774 2423 bellum
784 2366 1083 2446 conlectarumquum

179 2444 311 2521 singulos
333 2443 497 2500 consectari
520 2456 691 2518 cogeretur;
721 2463 793 2521 quos
815 2446 842 2503 si
864 2446 960 2503 statim
981 2466 1083 2525 aggre-

179 2524 303 2591 deretur,
316 2520 398 2579 brevi
413 2520 564 2579 universos
580 2541 793 2599 oppressurum.
825 2524 892 2583 Hoc
909 2546 944 2583 eo
959 2527 1082 2595 valebat,

140 2608 159 2659 5
178 2613 210 2658 ut
230 2600 361 2679 ingratiis
382 2602 418 2659 ad
439 2602 661 2678 depugnandum
677 2623 777 2661 omnes
794 2616 974 2681 cogerentur.
1015 2604 1082 2663 Hac

178 2700 211 2739 re
226 2680 321 2740 audita
334 2683 480 2751 barbarus,
495 2682 569 2739 nihil
583 2682 643 2740 doli
655 2685 778 2741 subesse
794 2684 927 2753 credens,
941 2683 1081 2760 postridie

180 2761 359 2819 alienissimo
381 2761 438 2818 sibi
461 2763 537 2829 loco,
558 2774 657 2818 contra
679 2763 920 2838 opportunissimo
941 2762 1082 2831 hostibus,

299 2839 372 2895 adeo
394 2850 515 2913 angusto
536 2841 609 2895 mari
633 2841 770 2908 conflixit,
790 2852 821 2895 ut
845 2842 908 2913 ejus
932 2840 1082 2895 multitudo

185 2905 253 3001 effi
297 2916 412 2971 naviurn
427 2917 568 2990 explicari
585 2934 643 2972 nou
660 2918 793 2989 potuerit.
835 2916 937 2971 Victus
953 2933 1021 2987 ergo
1037 2925 1082 2970 est

176 3002 253 3091 ⁸⁴32¹¹
297 2992 390 3067 magis
414 2992 537 3049 consilio
551 2990 770 3061 Themistoclis,
784 3010 869 3067 quam
891 2992 977 3047 armis
1002 2991 1081 3048 Gree-

191 3080 197 3091 '
223 3078 261 3091 '⁴
298 3068 362 3126 cim.

141 3154 157 3207 l
218 3146 256 3204 V.
278 3146 338 3205 Hic
353 3148 410 3205 etsi
422 3148 498 3205 male
511 3166 573 3205 rem
586 3157 729 3223 gesserat,
741 3157 837 3205 tamen
851 3158 943 3205 tantas
958 3148 1081 3206 habebat

179 3226 316 3301 reliquias
331 3226 488 3301 copiarum,
501 3236 533 3283 ut
546 3225 633 3282 etiam
647 3244 713 3282 cum
733 3226 778 3283 his
798 3226 960 3301 opprimere
981 3244 1081 3303 posset

178 3304 289 3361 hostes.
330 3305 438 3361 Iterum
458 3306 494 3361 ab
517 3304 620 3361 eodem
642 3304 732 3379 gradu
751 3306 888 3379 depulsus
909 3318 963 3363 est.
1004 3308 1081 3365 Nam

178 3380 396 3441 Themistocles
405 3400 521 3453 verens,
530 3402 568 3439 ne
582 3384 690 3439 bellare
705 3395 913 3457 perseveraret,
928 3385 1081 3443 certiorem

179 3480 245 3517 eum
266 3460 345 3529 fecit,
367 3460 398 3518 id
419 3460 477 3535 agi,
490 3472 522 3518 ut
543 3478 628 3537 pons,
649 3480 735 3536 quem
758 3463 809 3519 ille
832 3462 862 3519 in
886 3464 1081 3538 Hellesponto

178 3538 297 3608 fecerat,
310 3538 526 3609 dissolveretur,
539 3558 575 3596 ac
588 3540 682 3597 reditu
700 3542 732 3597 in
745 3540 847 3597 Asiam
861 3543 1080 3613 excluderetur,

138 3620 157 3674 2
178 3616 265 3693 idque
280 3616 309 3673 ei
322 3618 477 3692 persuasit.
517 3618 618 3693 ltaque
631 3636 689 3695 qua
701 3636 756 3675 sex
769 3620 917 3676 mensibus
932 3620 987 3677 iter
1000 3619 1080 3679 fece·
