2474 4080
185 328 227 387 84
416 317 491 381 XX.
534 325 564 392 4,
579 324 608 380 o.
655 314 856 399 (Timoleon.)

182 490 200 528 a
214 470 407 530 fundamentis
420 470 552 545 disjecit3
575 479 673 526 cetera
692 466 856 543 tyrannidis
869 469 1089 546 propugnacula

182 548 334 606 demolitus
348 561 400 616 est,
415 549 547 622 deditque
562 565 689 622 operam,
705 559 736 603 ut
760 565 849 621 quam
863 548 983 603 minime
997 548 1088 605 multa

143 633 162 686 4
183 629 304 704 vestigia
318 628 465 683 servitutis
479 636 640 682 manerent.
670 624 771 689 Quum
785 625 873 682 tantis
886 634 964 683 essct
976 626 1086 701 opibus,

183 715 214 762 ut
229 707 314 762 etiam
329 706 426 762 invitis
440 706 582 778 imperare
596 713 708 777 posset3
731 712 843 759 tanturn
858 714 956 760 antem
971 703 1087 762 baberet

183 803 308 840 amorem
323 784 452 839 omnium
467 781 643 848 Siculorum,
656 792 687 836 ut
701 780 781 837 nullo
796 791 951 837 recusante
965 798 1086 857 regnum

182 862 338 919 obtineret:
361 862 462 917 maluit
476 880 506 916 se
522 860 612 934 diligi,
627 877 715 933 quam
731 859 829 914 metui.
870 858 983 933 ltaque,
997 876 1085 934 quum

182 941 305 1015 primum
322 941 419 1015 potuit,
436 939 588 1013 imperium
604 936 743 1011 deposuit,
758 946 786 992 et
807 937 938 1010 privatus
957 936 1082 1012 Syracu·

142 1021 161 1073 5
182 1019 229 1084 sis,
245 1018 319 1092 quod
337 1018 480 1090 reliquum
496 1016 562 1071 vitoe
584 1012 646 1082 fuit,
663 1015 743 1070 vixit.
788 1014 895 1089 Neque
910 1033 979 1071 vero
992 1014 1021 1071 id
1034 1017 1083 1071 im·

182 1098 271 1170 perite
287 1095 364 1151 feeit.
401 1094 479 1149 Nam
494 1092 569 1166 quod
585 1093 673 1149 ceteri
689 1111 772 1167 reges
786 1093 907 1167 imperio
921 1104 1083 1167 potuerunt,

182 1174 228 1229 hie
255 1173 454 1228 benevolentia
478 1172 579 1226 tenuit.
630 1170 741 1226 Nullus
766 1171 855 1227 honos
877 1171 947 1228 huic
975 1170 1082 1242 defuit3

180 1268 274 1324 neque
300 1260 397 1324 postea
423 1268 468 1304 res
492 1249 551 1304 ulla
577 1249 734 1321 Syracusis
758 1260 839 1324 gesta
853 1259 897 1304 est
911 1248 1036 1325 publice,
1050 1248 1083 1306 do

181 1346 239 1401 qua
267 1329 346 1400 prius
373 1329 408 1383 sit
436 1327 594 1395 decretum,
617 1345 704 1402 quam
730 1326 919 1383 Timoleontis
943 1329 1083 1384 sententia

141 1409 159 1462 6
181 1406 305 1480 cognita.
348 1404 469 1461 Nullius
494 1422 631 1479 umquam
647 1404 799 1461 consilium
824 1423 881 1460 non
902 1405 986 1462 modo
1007 1414 1082 1463 aute·
1159 1455 1162 1462 .

180 1482 280 1551 latum,
296 1484 344 1539 sed
360 1502 396 1538 ne
411 1494 608 1559 comparatum
622 1482 738 1556 quidem
754 1492 806 1539 est.
832 1482 939 1556 Neque
952 1483 982 1539 id
994 1483 1084 1561 mugio

181 1561 378 1617 benevolentia
393 1560 502 1617 factum
518 1572 569 1628 est,
585 1579 672 1635 quam
689 1561 851 1635 prudentia.

142 1642 157 1695 1
220 1638 272 1694 IV.
297 1639 354 1695 Hic
379 1659 468 1714 quum
484 1649 566 1695 oetate
584 1639 645 1713 jam
669 1650 821 1713 provectus
842 1649 926 1708 esset,
942 1641 1006 1696 sine
1026 1639 1083 1696 ullo

180 1719 278 1773 morbo
292 1719 402 1773 lumina
416 1718 567 1774 oculorum
578 1718 681 1773 amisit.
723 1716 820 1780 Quam
835 1717 1032 1775 calamitatem
1044 1718 1082 1774 ita

180 1795 324 1852 moderate
340 1796 413 1864 tulit,
430 1807 460 1852 ut
486 1815 579 1870 neque
595 1813 661 1850 enm
684 1807 852 1869 querentem
867 1797 1021 1871 quisquam
1035 1815 1081 1852 au·

181 1874 272 1944 (berit,
289 1894 381 1949 noque
397 1895 430 1931 eo
448 1875 543 1930 minus
565 1874 683 1948 privatis
703 1874 885 1949 publicisque
900 1875 987 1930 rebus
1000 1876 1081 1930 inter·

141 1956 159 2007 2
181 1951 276 2009 suerit.
320 1953 462 2009 Veniebat
478 1964 572 2009 autem
594 1953 622 2006 in
640 1951 792 2020 theatrum,
809 1970 899 2026 quum
914 1953 954 2008 ibi
968 1952 1081 2009 concili-

180 2050 228 2085 um
253 2033 348 2106 populi
374 2033 536 2097 haberetur,
561 2039 673 2104 propter
698 2030 893 2086 valetudinem
917 2041 1018 2087 vectus
1038 2030 1081 2104 ju-

180 2111 283 2164 mentis
305 2110 422 2182 junctis,
439 2109 531 2181 adque
557 2110 596 2163 ito
617 2108 652 2163 de
668 2107 809 2175 vehiculo,
825 2127 890 2182 quae
905 2107 1081 2176 videbantur,

179 2185 309 2255 dicebat;
333 2204 426 2260 neque
449 2186 502 2241 hoo
527 2187 569 2240 illi
584 2187 737 2259 quisquam
761 2186 904 2242 tribuebat
929 2187 1080 2261 superbie.

179 2261 261 2317 Nihil
287 2264 363 2317 enim
392 2281 528 2335 umquam
552 2282 645 2337 neque
667 2264 800 2332 insolens,
815 2282 909 2338 neque
928 2265 1082 2339 gloriosum

141 2343 158 2394 3
180 2357 215 2394 ex
228 2358 278 2395 ore
300 2340 362 2413 ejus
377 2341 455 2395 exiit.
498 2340 556 2404 Qui
572 2341 697 2414 quidem,
712 2360 802 2415 quum
826 2361 895 2398 suos
918 2342 1021 2399 laudes
1036 2361 1081 2399 nu-

179 2416 252 2471 diret
267 2416 425 2490 praedicari,
442 2436 600 2492 numquam
616 2419 694 2474 aliud
714 2420 793 2488 dixit,
809 2439 897 2494 quarn
912 2440 943 2477 se
958 2422 988 2477 in
1003 2440 1038 2477 ea
1052 2437 1081 2476 re

180 2496 322 2551 maximas
345 2495 399 2552 diis
421 2497 530 2572 gratias
551 2507 738 2572 agerentque
763 2498 878 2566 habere,
894 2498 979 2572 quod,
994 2514 1081 2573 quum

180 2572 310 2630 Siciliam
326 2593 457 2631 recreare
473 2576 694 2642 constituissent,
710 2585 771 2631 tum
786 2594 817 2631 se
838 2577 1018 2651 potissimum
1032 2576 1080 2632 du-

140 2655 159 2707 4
180 2671 244 2707 cem
266 2673 328 2710 esse
350 2655 517 2711 voluissent.
560 2653 642 2709 Nihil
666 2655 743 2709 enirn
766 2672 863 2709 rerum
888 2654 1081 2710 humanarum

179 2731 240 2786 sine
262 2732 379 2789 deorum
403 2735 521 2789 numine
545 2733 608 2806 geri
633 2733 760 2807 putabat.
802 2731 902 2806 Itaque
925 2751 986 2788 snae
1009 2732 1082 2789 dorni

179 2810 320 2866 sacellum
340 2813 516 2882 Αὐτοματίας
529 2810 724 2877 constituerat,
739 2809 825 2883 idque
842 2810 1024 2866 sanctissimo
1038 2829 1081 2867 co·

179 2884 266 2940 lebat.

141 2965 156 3018 1
219 2961 258 3016 V.
280 2963 327 3017 Ad
343 2964 418 3018 hanc
432 2963 554 3019 hominis
563 2966 754 3021 excellentem
769 2965 923 3022 bonitatem
937 2965 1082 3021 mirabiles

179 3049 365 3095 accesserunt
393 3059 489 3095 casus,
540 3041 619 3096 Nem
645 3044 747 3116 proelia
771 3044 897 3099 maxima
922 3044 1013 3100 natali
1037 3043 1082 3099 die

179 3134 231 3169 suo
247 3115 313 3171 feeit
327 3119 439 3172 omnia:
461 3137 517 3192 quo
532 3118 640 3175 iactum
655 3119 707 3188 est,
723 3131 754 3176 ut
778 3122 842 3195 ejus
856 3121 931 3176 diem
957 3122 1081 3178 natalem

139 3197 158 3248 2
181 3191 284 3247 festum
300 3194 416 3250 baberet
432 3199 565 3253 universa
581 3198 692 3253 Sicilia.
737 3198 813 3254 Huic
828 3199 945 3273 quidam
964 3198 1081 3255 Lames

178 3270 244 3337 tine,
260 3271 343 3326 homo
357 3275 489 3346 petulans
503 3285 531 3331 et
552 3277 691 3350 ingratus
708 3276 903 3332 vadimonium
918 3296 1009 3350 quum
1024 3276 1081 3332 vel-

179 3347 217 3402 let
240 3348 394 3422 imponere,
420 3351 493 3422 quod
519 3372 586 3408 cum
613 3354 661 3408 illo
676 3373 706 3409 se
732 3355 794 3428 lege
817 3374 903 3429 agere
925 3355 1043 3423 diceret,
1055 3363 1082 3411 et

177 3426 341 3500 complures
356 3431 578 3496 concurrissent,
594 3432 643 3505 qui
665 3433 869 3504 procaeitatem
884 3433 1009 3489 hominis
1023 3452 1080 3489 ma-

178 3504 262 3560 nibus
277 3512 411 3560 coercere
427 3519 618 3563 conarentur:
641 3507 790 3566 Timoleon
813 3511 906 3566 oravit
920 3529 1030 3579 omnes,
1045 3528 1081 3567 ne

178 3580 206 3635 id
222 3581 359 3638 facerent.
396 3583 531 3665 Namque
543 3585 570 3640 id
589 3597 618 3642 ut
633 3585 780 3643 Lamestic
793 3589 955 3662 ceterisque
970 3590 1080 3656 liceret,

175 3675 208 3714 ua
221 3660 363 3718 maximos
376 3661 489 3720 labores
502 3681 673 3738 summaque
688 3664 791 3722 adiisse
811 3666 953 3741 pericula.
994 3665 1081 3725 Hanc
