2474 4080
191 285 252 345 108
306 279 413 344 XXV.
457 285 508 343 21.
555 274 821 362 (ll'Pompmtiur
835 278 987 362 Auum.)

186 450 254 489 eum
269 433 417 501 scriberet,
433 451 523 508 quum
542 431 625 488 modo
639 431 749 506 aliquid
770 431 807 488 de
821 432 993 524 antiquitate
1015 433 1053 492 ab
1065 452 1097 493 aa

186 512 354 586 requireret,
385 511 466 568 modo
498 511 625 600 aliquam
659 510 714 599 [ei]
743 511 932 595 quaestionem
958 513 1096 587 poeticam

185 601 363 664 proponeret,
387 588 567 646 interdum
556 607 659 663 jocans
687 589 751 663 ejus
775 576 956 647 verbosiores
980 590 1097 650 eliceret

145 669 329 743 3ep1stolas
372 669 419 726 Ex
444 687 501 743 quo
523 667 636 734 accidit,
652 686 743 759 quum
768 667 838 724 adis
860 667 943 726 Jovis
966 668 1094 741 Feretrii,

184 746 214 802 in
229 746 370 822 Capitolio
385 749 421 804 ab
437 746 561 805 Romulo
576 748 739 814 constituta,
756 755 898 803 vetustate
913 758 1002 821 atqua
1016 749 1094 807 ineu-

183 826 228 882 ria
248 825 361 883 detecta
377 827 582 902 prolaberetur,
600 835 630 882 ut
650 825 742 881 Attici
757 825 904 882 admonitu
919 825 1019 883 Caesar
1033 846 1093 885 eam

143 907 162 960 4
184 905 369 962 reficiendam
389 915 515 962 curaret.
539 904 644 978 Neque
659 921 728 960 vero
748 904 784 960 ab
801 902 842 959 M.
857 905 988 963 Antonio
1001 906 1093 964 minus

183 984 286 1040 absens
301 984 403 1041 litteris
418 984 582 1040 colebatur:
605 981 685 1050 adeo,
702 993 733 1039 ut
748 992 885 1039 accurata
906 982 958 1040 ille
972 1001 1010 1040 ex
1032 984 1091 1043 ulti·

182 1063 237 1117 mis
251 1064 344 1130 terris,
354 1062 429 1137 quid>
439 1073 546 1138 ageret,
557 1061 624 1135 quid
641 1079 721 1116 eurae
735 1061 789 1117 sibi
804 1061 932 1131 baberet,
943 1063 1091 1121 certiorem

142 1142 160 1196 6
183 1138 293 1196 iaceret
309 1142 449 1196 Atticum.
493 1140 558 1196 Hoc
573 1138 659 1214 quale
674 1140 718 1207 sit,
735 1138 852 1196 facilius
865 1140 1042 1198 existimabit
1061 1142 1092 1213 is,

181 1219 231 1292 qui
242 1218 376 1292 judicare
392 1219 501 1293 poterit,
511 1228 627 1293 quanter
639 1219 675 1274 sit
689 1219 846 1293 sapientiae,
858 1237 959 1275 eorum
971 1221 1091 1277 retinere

182 1314 266 1352 usum
284 1297 580 1372 benevolentiamque,
595 1298 670 1353 inter
692 1316 764 1371 quos
786 1298 981 1354 maximarum
997 1317 1091 1356 rerum

180 1391 237 1430 nou
253 1375 346 1431 solum
361 1377 515 1444 aemulatio,
531 1376 580 1432 sed
599 1376 766 1432 obtrectatio
788 1386 867 1432 tanta
889 1376 1089 1446 intercedebat,

180 1465 317 1527 quantam
334 1453 387 1510 fuit
402 1455 528 1512 incidere
543 1473 661 1511 necesse
677 1455 752 1511 inter
768 1453 915 1511 Caesarem
931 1466 1019 1531 atque
1033 1457 1090 1513 Aa·
1125 1514 1127 1518 ,

180 1533 299 1600 tunium,
324 1552 414 1607 quum
438 1554 468 1590 se
491 1544 613 1608 uterque
637 1533 796 1608 principem
819 1550 876 1589 non
897 1534 992 1591 solum
1015 1535 1090 1593 urbis

181 1608 329 1679 Romauae,
345 1612 393 1668 sed
409 1614 485 1669 orbis
500 1623 643 1668 terrarum
658 1632 720 1668 esse
736 1622 866 1688 cuperet.

142 1693 157 1746 l
222 1691 301 1748 XXl.
326 1689 393 1747 Tali
416 1691 498 1748 modo
511 1710 602 1766 quum
625 1701 733 1766 septem
748 1702 777 1747 et
799 1691 983 1768 septuaginta
1004 1709 1090 1750 anuos

180 1771 360 1846 complesset,
377 1782 462 1845 atque
479 1770 513 1827 ad
535 1780 693 1827 extremam
709 1779 889 1827 senectutem
914 1787 972 1826 non
997 1771 1090 1828 minus

180 1847 328 1925 dignitate,
338 1869 425 1924 quarn
435 1851 530 1926 gratia
540 1848 711 1923 fortunaque
723 1849 871 1917 crevisset,
882 1849 1004 1925 (multas
1015 1851 1089 1906 euim

181 1927 354 1986 hereditates
369 1930 450 1985 nulla
465 1929 523 1985 alia
538 1947 579 1998 re,
595 1946 683 2003 quam
698 1928 832 1996 bonitate,
845 1939 887 1984 est
902 1927 1088 2005 consecutus)

179 2016 315 2082 tantaque
340 2010 527 2083 prosperitate
554 2026 624 2063 usus
646 2017 721 2063 esset
745 2006 928 2074 valetudinis
952 2017 984 2063 ut
1009 2007 1089 2065 annis

140 2089 190 2167 2ι
179 2086 298 2177 triginta
312 2086 456 2142 medicina
471 2105 526 2143 non
550 2086 737 2161 indiguisset:
759 2096 862 2142 nactus
884 2095 926 2142 est
948 2087 1087 2155 morbum,

180 2182 266 2237 quem
282 2166 363 2220 initio
377 2176 405 2220 et
423 2166 482 2239 ipse
498 2176 526 2221 et
515 2164 645 2221 tmedici
660 2183 713 2221 eon
715 2174 902 2239 t.empserunt
945 2164 1025 2220 Nam
1041 2183 1087 2240 pu-

179 2251 276 2297 tarunt
301 2261 363 2297 esse
388 2252 545 2310 tenesmon,
571 2245 620 2299 cui
645 2242 772 2299 remedia
796 2243 904 2299 celeria
934 2241 1088 2319 faciliaque

140 2322 157 2375 3
180 2320 373 2394 proponebant
375 2339 419 2375 ur.
462 2320 495 2377 ln
521 2321 574 2378 hoc
599 2341 690 2395 quum
714 2332 772 2378 tres
797 2340 911 2378 menses
936 2322 998 2379 sine
1023 2322 1088 2378 ullis

179 2397 333 2466 doloribus,
349 2409 541 2474 praeterquam
563 2420 635 2475 quos
650 2419 685 2457 ex
702 2401 850 2457 curatione
866 2400 1008 2476 capiebat,
1024 2419 1086 2457 con·

179 2477 365 2551 sumpsisset:
388 2479 482 2535 subito
496 2489 575 2535 tanta
590 2479 633 2535 vis
651 2479 742 2535 morbi
757 2480 785 2534 iu
810 2497 899 2534 unum
923 2479 1087 2537 intestinum

179 2557 316 2632 prorupit,
333 2568 364 2614 ut
385 2569 512 2615 extremo
527 2568 653 2633 tempore
669 2577 720 2632 per
745 2557 857 2614 lumbos
878 2557 977 2613 fistula
998 2559 1086 2633 putris

138 2639 158 2692 4
179 2637 315 2710 eruperit.
358 2639 457 2713 Atque
472 2638 527 2694 hoe
542 2639 710 2713 priusquam
725 2637 752 2692 ei
768 2637 920 2705 accideret,
937 2647 1085 2712 postquam

178 2714 208 2770 in
231 2716 291 2773 dies
313 2717 424 2774 dolores
449 2735 618 2774 accrescere
647 2714 798 2789 febresque
820 2715 979 2772 accessisse
1000 2715 1086 2773 sensit

179 2794 342 2870 Agrippam
363 2815 504 2871 generum
520 2795 555 2852 ed
577 2815 606 2850 se
623 2794 731 2850 arcessi
750 2794 845 2868 jussit,
861 2803 889 2849 et
910 2813 979 2850 cum
994 2813 1030 2850 eo
1050 2792 1083 2851 L.

139 2872 346 2929 500rnelium
370 2874 494 2939 Balbum
517 2875 696 2947 Sextumque
723 2871 908 2928 Peducaeum.
966 2871 1029 2929 Hos
1056 2880 1085 2928 ut

179 2951 293 3006 venisse
308 2952 388 3019 vidit,
403 2953 434 3007 in
455 2953 586 3008 cubitum
611 2952 747 3008 iunixus:
769 2960 907 3025 quautam,
923 2951 1026 3024 iuquit,
1042 2969 1084 3007 ea·

177 3046 239 3083 ram
254 3029 504 3103 diligentiamque
493 3049 523 3085 ιιι
537 3032 695 3086 valetudine
709 3049 769 3086 mea
784 3031 886 3085 tuenda
907 3030 957 3085 hoe
971 3038 1085 3102 tempere

178 3105 358 3175 adhibuerim,
374 3126 456 3179 quum
470 3127 519 3164 voe
533 3117 615 3165 testea
625 3109 747 3176 babeam,
764 3108 836 3164 nibil
848 3126 960 3164 neeesse
974 3117 1074 3164 eata
1024 3108 1084 3191 plu·

177 3183 257 3239 ribus
278 3185 371 3241 uerbis
393 3205 608 3244 commemorare.
654 3184 763 3257 Quibus
787 3189 975 3261 quoniamae
998 3180 1084 3259 rper'o,

178 3261 313 3337 satisfeci,
328 3283 370 3320 me
384 3265 456 3320 nibil
473 3284 503 3322 re
505 3265 573 3338 liqut
570 3263 704 3341 'fecisse
723 3268 795 3338 quod
814 3267 853 3320 ad
876 3265 1033 3320 aeneadum
1047 3280 1085 3320 me

139 3344 157 3397 6
174 3343 336 3414 pertineret,
351 3344 485 3417 reliquum
500 3353 549 3411 est,
565 3353 594 3400 ut
605 3353 707 3417 egomet
721 3343 788 3399 mibi
802 3344 954 3399 emaruiam.
991 3341 1085 3398 Idaea

178 3421 307 3493 gnorare
321 3423 407 3478 uolui.
451 3419 527 3478 Nam
543 3423 610 3478 mibi
631 3431 694 3489 atat,
709 3423 785 3478 alere
805 3422 928 3477 morbum
949 3423 1083 3477 desinere.

178 3495 307 3574 Namque
321 3500 365 3556 iris
379 3500 475 3558 diebus
496 3503 630 3575 quidquid
652 3500 706 3556 eibi
720 3500 917 3576 [potionisque]
937 3500 1035 3567 sumai,
1050 3499 1085 3554 tu

174 3580 297 3653 produxi
310 3580 403 3649 uiuam,
412 3588 443 3636 ut
456 3581 582 3637 auserim
596 3580 705 3636 dolores
719 3582 779 3636 eine
789 3598 838 3653 epe
851 3580 964 3636 satura.
992 3574 1085 3649 Quare
