2474 4080
369 287 458 350 XIV.
502 294 532 363 7,
549 293 578 350 8.
621 288 805 369 (Datames.)
989 296 1033 355 st

147 444 243 492 tentes
258 433 396 491 Datames
411 434 536 490 invadit:
558 434 649 508 primo
670 435 777 509 impetu
797 435 887 508 pellit,
901 435 1046 512 fugientes

146 512 337 588 persequitur,
364 513 467 568 multos
497 512 639 581 interficit,
669 523 763 568 castra
799 513 924 570 hostium
959 515 1045 590 capit.

146 591 216 647 Tali
241 591 364 647 consilio
390 608 447 646 nno
471 600 598 663 tempore
624 600 653 646 et
675 591 835 664 proditores
861 593 992 666 perculit,
1017 596 1084 649 618

146 667 248 725 hostes
262 668 432 742 profligavit,
446 672 483 736 61,
497 668 571 741 quod
592 667 629 723 ad
648 668 807 742 perniciem
827 668 918 725 fuerat
939 671 1045 745 cogita-

146 756 215 815 tum,
229 746 260 802 id
273 745 310 801 ad
323 747 445 802 salutem
459 746 608 800 convertit.
649 746 714 811 Quo
727 765 820 819 neque
835 747 945 802 acutius
959 748 1044 804 ullius

146 824 327 898 imperatoris
352 823 514 898 cogitatum,
534 841 629 896 neque
654 824 778 879 celerius
803 823 908 881 sactum
928 844 1045 898 usquam

146 902 281 976 legimus.

189 979 257 1036 VII.
279 979 323 1036 Ab
337 978 393 1034 hoc
408 989 504 1034 tamen
517 978 580 1034 viro
596 979 734 1047 Scismas,
745 979 867 1034 maximo
881 981 1044 1050 natalibus,
1067 986 1080 1038 1

146 1056 262 1125 desciit,
274 1057 309 1113 ad
317 1075 471 1131 regemque
483 1057 603 1124 transiit,
613 1067 641 1112 61
652 1057 687 1113 de
698 1056 859 1113 desectione
868 1059 956 1131 patris
966 1059 1045 1115 116111-
1061 1053 1064 1059 ’

146 1135 189 1191 111.
226 1135 291 1200 Quo
305 1135 403 1190 nuntio
420 1136 593 1190 Artaxerxes
609 1147 774 1203 commotus,
783 1136 857 1208 quod
867 1138 1045 1210 1ntelligebat

147 1212 204 1269 sibi
219 1232 283 1268 eum
297 1212 357 1268 viro
372 1212 437 1268 forti
451 1232 485 1267 ac
501 1224 616 1268 strenuo
630 1212 776 1285 negotium
795 1232 872 1282 esse,
886 1214 944 1287 qui,
959 1234 1045 1287 quum

147 1290 313 1364 cogitasset,
325 1289 420 1346 facere
434 1291 559 1358 auderet,
572 1302 600 1345 et
610 1291 687 1363 prius
698 1290 832 1364 cogitare,
843 1311 926 1364 quam
938 1292 1043 1361 conari,

146 1380 327 1438 consuesset,
339 1368 580 1442 Autophrodatem
592 1368 621 1422 in
634 1368 846 1441 Cappadociam
860 1370 951 1425 mittit.
984 1371 1043 1427 Hic
1063 1375 1081 1426 2

145 1465 184 1502 ne
205 1447 309 1502 intrare
331 1458 440 1520 posset,
465 1447 576 1511 saltum,
601 1445 630 1501 in
657 1465 712 1519 quo
737 1447 849 1502 Ciliciae
871 1459 956 1521 portae
979 1459 1044 1504 sunt

147 1525 218 1593 sitae,
242 1525 378 1580 Datames
400 1542 601 1598 praeoccupare
624 1524 738 1579 studuit.
781 1525 841 1580 Sed
867 1536 925 1580 tam
951 1526 1043 1582 subito
1065 1530 1082 1582 3

147 1602 246 1676 copias
268 1602 434 1658 contrahere
455 1621 512 1657 non
532 1601 631 1675 potuit.
668 1604 694 1657 A
707 1622 762 1674 qua
775 1622 805 1657 re
821 1603 966 1677 depulsae,
979 1623 1044 1660 cum

147 1699 183 1736 ea
204 1698 299 1749 manu,
326 1699 409 1752 quam
437 1690 624 1747 contraxerat,
648 1681 743 1735 locum
764 1681 871 1754 delegit
893 1682 988 1749 talem,
1013 1692 1042 1737 ut

145 1777 239 1831 neque
255 1759 451 1814 circumiretur
465 1759 499 1813 ab
514 1758 654 1826 hostibus,
668 1776 761 1829 neque
775 1759 932 1830 praeteriret
946 1760 1044 1815 adver·

147 1837 251 1904 sarius,
264 1837 332 1908 quin
346 1836 516 1910 ancipitibus
530 1836 603 1892 locis
618 1846 803 1908 premeretur,
818 1846 854 1902 61,
866 1837 892 1890 31
907 1836 1043 1892 dimicare

148 1913 239 1990 [cum]
263 1932 298 1970 eo
316 1914 413 1983 vellet,
427 1933 484 1969 non
498 1914 614 1969 multum
635 1914 738 1968 obesse
760 1912 906 1968 multitudo
920 1913 1045 1970 hostium

147 2011 205 2048 suae
220 1992 357 2065 paucitati
370 2003 478 2064 posset.
1021 2016 1024 2021 ·

187 2069 273 2126 VIII.
295 2070 368 2126 Haec
390 2070 445 2125 etsi
459 2069 687 2144 Autophrodates
702 2069 824 2137 videbat,
839 2079 933 2125 tamen
948 2070 1044 2125 statuit
1066 2075 1079 2127 1

147 2148 295 2221 congredi,
310 2166 393 2221 qnam
408 2166 472 2202 cum
486 2147 572 2202 tantis
594 2147 685 2220 copiis
706 2147 848 2221 refugere,
863 2160 910 2203 aut
924 2158 980 2203 tam
995 2149 1043 2204 diu
1099 2165 1107 2179 ·

146 2243 203 2281 uno
218 2226 283 2281 loco
297 2226 409 2281 sedere.
451 2225 584 2281 Habebat
596 2226 776 2280 barbarorum
796 2227 919 2299 equitum
933 2226 1042 2300 viginti,
1062 2231 1080 2282 2

146 2303 274 2377 peditum
288 2314 401 2359 centum
414 2303 502 2371 milia,
511 2321 581 2377 quos
596 2304 639 2358 illi
652 2303 796 2360 Cardacas
806 2305 958 2378 appellant,
968 2306 1043 2379 ejus·

147 2382 268 2455 demque
284 2382 398 2455 generis
413 2380 467 2436 tria
481 2380 668 2437 funditorum:
691 2393 829 2455 praeterea
841 2383 1043 2456 Cappadocum

147 2469 222 2527 octo,
237 2459 436 2514 Armeniorum
451 2460 561 2527 decem,
577 2458 792 2532 Paphlagonum
807 2460 939 2533 quinque,
952 2460 1043 2534 Phry-

148 2555 215 2610 gum
229 2537 340 2604 decem,
356 2536 500 2610 Lydorum
514 2537 645 2610 quinque,
661 2535 872 2609 Aspendiorum
887 2549 916 2592 et
930 2537 1042 2592 Pisida·

147 2631 209 2669 rum
234 2614 347 2670 circiter
368 2615 430 2682 tria,
456 2614 581 2670 Cilicum
603 2614 667 2681 due,
691 2613 893 2687 Captianorum
916 2613 1042 2682 totidem,

149 2709 185 2747 ex
211 2691 324 2747 Graecia
351 2692 552 2748 conductorum
574 2692 627 2746 tria
651 2689 773 2766 [milia]:
796 2690 870 2745 levis
898 2701 1042 2745 armaturae

147 2769 470 2825 maximumnumerum.
512 2769 575 2825 Has
596 2768 731 2824 adversus
754 2767 852 2842 copias
867 2786 935 2841 spes
950 2767 1041 2824 omnis
1063 2772 1080 2826 3

148 2847 324 2902 consistebat
337 2846 451 2902 Datami
465 2847 494 2903 in
509 2866 541 2902 se
556 2846 670 2919 locique
685 2855 800 2901 natura:
822 2864 943 2919 namque
957 2845 1041 2920 hujus

147 2935 257 2999 partem
270 2942 327 2979 non
341 2924 463 2979 habebat
475 2924 643 2983 vicesimam
656 2922 786 2978 militum.
828 2924 938 2989 Quibus
953 2923 1042 2980 fretus

148 3001 285 3070 conflixit,
301 3002 582 3074 adversariorumque
602 3002 690 3056 multa
709 3002 789 3056 milia
809 3001 943 3069 concidit,
958 3021 1042 3074 quum

147 3079 183 3135 de
192 3079 284 3152 ipsius
297 3079 425 3134 exercitu
433 3096 489 3136 non
504 3079 624 3152 amplius
636 3078 781 3134 hominum
788 3078 866 3134 mille
876 3079 1041 3135 cecidisset.

148 3158 242 3222 Quam
256 3158 291 3212 ob
307 3175 423 3212 causam
441 3165 556 3230 postero
570 3155 617 3210 die
638 3165 772 3228 tropaeum
791 3155 894 3229 posuit,
909 3174 963 3228 quo
977 3158 1041 3213 loco

146 3234 239 3308 pridie
267 3243 421 3307 pugnatum
446 3243 514 3288 erat.
534 3232 634 3288 rHinc
662 3251 747 3304 quum
774 3243 868 3288 castra
894 3233 1082 3303 movisset,4

147 3329 317 3384 semperque
325 3309 821 3383 inferiorcopiis,superioromnibus
831 3311 939 3382 proeliis
948 3311 1042 3366 disce·

147 3384 236 3456 deret,
264 3387 339 3460 quod
364 3404 515 3458 numquam
540 3404 653 3440 manum
681 3397 854 3454 consereret,
881 3387 938 3441 nisi
958 3405 1043 3459 quum

147 3465 328 3521 adversarios
351 3464 479 3519 locorum
500 3463 638 3535 angustiis
667 3462 821 3518 clausisset
845 3463 931 3536 (quod
950 3463 1042 3534 perito
1111 3495 1112 3499 1
1207 3486 1212 3494 ·

146 3542 296 3615 regionum
317 3540 477 3610 callideque
499 3539 634 3611 cogitanti
655 3556 732 3612 saepe
755 3538 933 3610 accidebat):
957 3539 1082 3595 Anto-5

145 3616 311 3694 phradates‚
326 3634 413 3689 quum
431 3616 538 3671 bellum
558 3615 623 3671 duci
642 3616 752 3688 majore
774 3614 852 3686 regis
873 3612 1043 3683 calamitate,
