2474 4080
152 290 194 346 52
402 278 494 341 xm.
537 283 568 340 4.
620 276 839 357 (ramorum.)

153 430 270 486 Samum
282 425 404 500 profecti
419 434 527 493 essent,
543 434 572 480 et
586 423 688 480 eodem
703 423 826 492 Chares,
835 421 959 480 adventu
975 423 1055 501 [illo-

151 505 225 580 rum]
248 504 372 578 cognito,
394 522 459 559 cum
479 503 539 558 suis
562 501 653 576 copiis
676 502 916 576 proficisceretur,
929 521 967 559 ne
984 501 1055 576 quid

152 585 271 639 absente
287 601 319 637 se
334 592 448 655 gestum
461 579 621 636 videretur:
645 580 759 648 accidit,
774 597 859 652 quum
878 579 914 635 ad
928 579 1055 638 insulam

153 660 419 735 appropinquarent,
441 669 471 714 ut
491 677 596 732 magna
619 667 776 731 tempestas
799 657 938 726 oriretur3
968 676 1054 731 quam

154 739 260 794 evitare
272 737 327 793 duo
341 747 455 792 veteres
469 737 655 809 imperatores
667 736 736 791 utile
751 735 876 791 arbitrati
888 754 970 792 suam
979 737 1054 793 clas-

81 821 83 825 ‘
115 821 133 873 4
154 835 216 872 sem
230 824 460 889 suppresserunt.
494 821 533 870 At
546 814 606 881 ille,
617 812 768 869 temerarie
781 832 851 869 usus
865 814 985 884 ratione,
996 833 1054 872 nou

155 894 245 950 cessit
254 894 391 967 majorum
401 904 468 948 natu
482 891 650 959 auctoritati,
661 900 698 960 et,
706 902 737 947 ut
751 891 776 947 si
791 891 821 947 in
832 910 885 947 sua
895 892 963 948 navi
975 903 1055 949 esset

154 973 273 1039 fortuna,
288 989 342 1044 quo
364 970 558 1036 contenderat,
572 969 714 1042 pervenit,
730 969 887 1043 eodemque
906 980 937 1026 ut
951 989 1054 1044 seque·

154 1062 259 1118 rentur,
287 1049 323 1104 ed
348 1046 532 1103 Timotheum
560 1057 588 1102 et
612 1047 787 1120 Iphicratem
809 1047 940 1105 nuntium
965 1049 1053 1106 misit.

156 1127 325 1195 Hinc,male
336 1144 367 1180 re
378 1137 468 1198 gesta,
478 1124 670 1199 compluribus
680 1125 795 1181 amissis
803 1126 935 1196 navibus,
942 1126 1053 1197 eodem,

155 1205 230 1262 unde
246 1213 305 1259 erat
319 1202 474 1277 profectus,
489 1222 521 1258 se
537 1202 656 1277 recepit,
665 1203 831 1276 litterasque
844 1203 974 1261 Athenas
986 1205 1055 1278 pub-

155 1283 213 1338 lice
228 1282 314 1350 misit,
336 1280 392 1336 sibi
414 1280 541 1354 proclive
566 1280 668 1350 fuisse,
681 1281 810 1339 ¹Samum
824 1300 940 1356 capere,
959 1282 1018 1339 nisi
1038 1302 1056 1339 a

118 1366 135 1416 5
157 1359 311 1416 Timotheo
327 1369 355 1414 et
369 1358 513 1432 Iphicrate
525 1358 657 1415 desertus
673 1369 761 1415 esset.
804 1359 862 1436 [Ob
877 1379 942 1417 eam
955 1359 1054 1419 remiu

157 1438 266 1494 crimen
280 1436 473 1511 vocabantur]
517 1437 644 1510 Populus
666 1456 743 1506 acer,
764 1437 911 1512 suspicarr,
931 1440 1054 1508 mobilis,

157 1515 347 1582 adversarius,
371 1514 484 1570 invidus
511 1516 596 1570 etiam
620 1516 763 1589 potentiae,
787 1516 901 1573 domum
922 1529 1054 1587 revocat;

158 1592 512 1667 accusanturproditionis.
535 1593 1056 1668 HocjudiciodamnaturTimotheus,

157 1672 249 1745 lisque
265 1673 327 1746 ejus
343 1671 495 1727 aestimatur
510 1681 624 1726 centum
637 1672 764 1728 talentis.
806 1673 870 1741 Ille,
882 1673 949 1729 odio
963 1674 1056 1749 ingre*

159 1761 194 1807 tae
209 1749 333 1805 civitatis
349 1760 475 1818 coactus,
490 1749 661 1806 Chalcidem
675 1768 707 1805 se
723 1751 850 1806 contulit.

120 1833 134 1886 l
198 1829 251 1885 IV.
274 1828 368 1904 Hujus
393 1838 458 1900 post
479 1839 598 1883 mortem
620 1846 705 1900 quum
729 1829 864 1902 populum
882 1829 987 1904 judicii
1010 1829 1057 1887 sui

158 1907 317 1983 poeniteret
326 1907 419 1962 multae
431 1924 533 1962 novem
547 1916 643 1980 partes
653 1906 782 1975 detraxit,
795 1917 823 1962 et
834 1907 938 1963 decem
948 1909 1058 1965 talenta

159 1987 317 2054 Cononem,
332 1985 421 2040 filium
433 1985 504 2058 ejus,
515 1984 550 2040 ad
561 1984 633 2040 muri
644 1984 794 2057 quamdam
803 1996 913 2059 partem
924 1986 1057 2043 reficien-

159 2064 224 2119 dam
234 2065 320 2138 jussit
340 2063 419 2118 dare.
460 2063 494 2118 ln
515 2081 569 2134 quo
583 2063 701 2118 sortunae
720 2062 844 2119 varietas
865 2073 911 2119 est
931 2064 1058 2121 animad-

159 2161 252 2197 versa.
288 2141 364 2196 Nam
374 2157 444 2212 quos
460 2159 530 2196 avus
546 2141 647 2196 Conon
662 2159 756 2196 muros
772 2159 809 2196 ex
823 2142 948 2198 hostium
962 2143 1059 2217 praeda

160 2219 256 2293 patriae
271 2218 441 2284 restituerat,
457 2219 574 2273 eosdem
588 2237 689 2292 nepos,
701 2238 767 2274 cum
781 2238 890 2275 summa
900 2220 1059 2294 ignominia

120 2301 138 2351 2
160 2296 283 2363 familiae,
296 2313 333 2351 ex
347 2314 399 2349 sua
412 2313 443 2349 re
455 2293 587 2350 familiari
602 2298 722 2353 reficere
738 2309 853 2353 coactus
869 2309 923 2354 est.
959 2299 1058 2357 Timo-

161 2372 220 2428 thei
236 2386 330 2428 autem
350 2372 501 2427 moderatae
523 2374 718 2447 sapientisque
732 2376 796 2430 vitae
815 2395 901 2449 quum
920 2377 1058 2451 pleraque

160 2451 303 2525 possimus
318 2450 444 2524 proferre
459 2452 630 2520 testimonia,
646 2471 703 2508 uno
718 2454 823 2508 erimus
839 2454 974 2523 contenti,
983 2456 1059 2529 quod

161 2548 198 2585 ex
210 2547 244 2584 eo
254 2529 339 2585 facile
350 2529 454 2603 conjici
463 2531 574 2603 poterit,
584 2549 667 2602 quam
678 2549 761 2587 carus
773 2533 834 2587 suis
846 2531 939 2588 luerit.
962 2535 1058 2598 Quum

161 2608 282 2664 Athenis
295 2608 525 2664 adolescentulus
541 2627 657 2664 causam
671 2608 789 2678 diceret,
800 2629 857 2666 non
869 2611 963 2666 solum
972 2611 1058 2668 amici

160 2687 317 2760 privatique
331 2685 460 2760 hospites
483 2687 518 2742 ad
539 2706 604 2743 eum
625 2686 836 2743 defendendum
853 2700 1058 2760 convenerunt,

161 2766 314 2821 sedetiam
334 2765 364 2821 in
387 2764 430 2820 eis
451 2764 541 2820 Jason
562 2775 709 2838 tyrannus,
723 2765 771 2837 qui
794 2766 844 2822 illo
864 2777 991 2841 tempore
1007 2767 1059 2824 fuit

122 2846 139 2898 3
161 2843 285 2898 omnium
299 2841 523 2916 potentissimus.
559 2842 618 2899 Hic
630 2862 715 2916 quum
725 2843 755 2898 in
765 2844 857 2917 patria
871 2844 934 2901 sine
949 2845 1059 2902 satelli-

160 2921 235 2975 tibus
251 2939 283 2975 se
294 2930 382 2975 tutum
402 2936 459 2975 non
480 2920 667 2989 arbitraretur,
683 2921 811 2977 Athenas
833 2922 896 2977 sinc
915 2923 975 2979 ullo
988 2942 1059 2998 prae·

163 2997 236 3051 sidio
251 2996 338 3064 venit,
353 2997 478 3067 tantique
499 2995 643 3070 hospitem
657 2998 735 3067 fecit,
749 3011 780 3055 ut
793 3001 892 3056 mallet
906 3019 939 3056 se
955 3002 1058 3075 capitis

161 3074 319 3148 periculum
348 3073 436 3139 adire,
457 3091 541 3144 quam
569 3076 722 3132 Timotheo
750 3077 786 3133 de
814 3077 889 3133 sema
911 3078 1059 3135 dimicanti

163 3152 277 3207 deesse.
309 3151 396 3207 Hunc
411 3153 547 3208 adversus
562 3165 657 3209 tamen
668 3155 839 3212 Timotheus
850 3166 952 3229 postea
960 3156 1058 3231 populi

159 3229 243 3303 jussu
255 3228 361 3284 bellum
376 3231 475 3303 gessit,
490 3230 642 3304 patriaeque
658 3233 801 3289 sanctiora
812 3235 885 3308 jura,
899 3253 984 3306 quam
993 3235 1060 3290 hos-

123 3311 141 3362 4
162 3306 234 3380 pitii,
249 3326 315 3362 esse
331 3307 418 3364 duxit.
454 3308 533 3365 *Haec
556 3320 682 3365 extrema
695 3309 748 3365 fuit
769 3321 838 3366 aetas
859 3311 1060 3385 imperatorum

162 3384 391 3454 Atheniensium,
416 3386 578 3460 iphicratis,
606 3387 747 3457 Chabriae,
770 3388 935 3458 Timothei;
965 3409 1059 3464 neque

162 3472 227 3537 post
248 3458 360 3518 illo'rum
384 3465 491 3521 obitum
524 3465 673 3538 quisquam
701 3466 759 3522 dux
790 3466 821 3522 in
840 3467 891 3524 illa
913 3468 983 3528 urbe
1007 3467 1061 3526 fuit

161 3540 265 3616 dignus
279 3539 424 3598 memoria.
