2474 4080
187 269 229 330 ea
389 262 511 327 xxm.
554 271 583 337 a,
602 220 632 326 ε’.
679 259 882 344 (natanti.)

146 419 162 475 1
223 415 290 474 VII.
312 415 413 481 Quum
437 416 466 471 in
481 414 644 490 apparando
666 413 806 493 acerrime
821 421 896 470 esset
917 423 1086 490 occupatus,

104 504 107 509 '
183 495 436 569 Carthaginienses
459 493 566 549 bellum
589 511 657 549 cum
686 491 824 548 Romanis
851 502 1084 567 composuerunt.

183 572 236 630 Ille
260 572 348 628 nihilo
372 572 467 628 secius
492 571 632 627 exercitui
656 581 754 645 postea
776 567 900 644 praefuit,
924 588 1029 644 resque
1056 571 1087 627 in

183 649 286 706 Africa
308 650 404 725 gessit,
423 650 562 724 [itemque
584 642 679 723 Mago'
686 647 776 704 frater
789 647 877 723 ejus]
893 647 1036 721 usquead
1051 647 1084 704 P.

144 730 162 782 2
183 729 345 804 Sulpicium
360 737 388 784 et
408 728 441 784 C.
458 728 613 783 Aurelium
631 727 774 783 consules.
817 725 874 782 His
887 727 966 781 enim
981 728 1084 803 magis·

182 808 303 863 tratibus
326 806 414 883 legati
437 805 690 881 Carthaginienses
713 803 833 860 Romam
856 814 1008 873 venerunt,
1036 805 1086 879 qui

182 885 294 941 senatui
310 884 470 960 populoque
493 883 622 939 Romano
643 883 750 957 gratias
774 891 902 957 agerent,
917 882 995 956 quod
1017 901 1085 940 cum

181 963 226 1019 his
241 982 341 1038 pacem
358 962 500 1032 fecissent,
515 961 550 1017 ob
574 979 696 1034 eamque
719 978 780 1016 rem
803 977 909 1017 corona
933 978 1023 1017 aurea
1037 955 1086 1017 ebs

182 1041 328 1109 donarent,
344 1041 488 1113 simulque
503 1050 641 1115 peterent,
657 1049 688 1095 ut
702 1037 814 1094 obsides
828 1056 928 1095 eorum
942 1037 1086 1114 Fregellis

143 1120 286 1186 3essent,
310 1119 474 1193 captivique
498 1117 694 1173 redderentur.
736 1115 792 1173 His
816 1135 853 1172 ex
877 1126 997 1173 senatus
1018 1134 1083 1173 con-

182 1196 257 1252 sulto
272 1214 438 1270 responsum
453 1206 512 1252 est:
535 1213 641 1251 munus
663 1213 764 1252 eorum
784 1204 900 1270 gratum
921 1204 1084 1270 acceptum·

181 1292 238 1349 que
252 1292 333 1343 esse;
356 1274 475 1342 obsides,
494 1273 621 1348 quolceo
644 1283 787 1349 rogarent,
803 1271 935 1343 futums;
956 1274 1085 1347 captiuos

182 1370 238 1407 non
254 1353 432 1420 remissuros,
447 1352 523 1426 quod
549 1351 751 1420 Hannibalem,
767 1350 853 1424 eujus
868 1368 955 1424 opera
970 1368 1084 1425 suscep·

181 1439 242 1486 tum
258 1429 365 1485 bellum
382 1428 461 1498 foret,
477 1430 706 1486 inimicissimum
722 1429 830 1486 nomini
844 1427 984 1497 Romano,
999 1429 1084 1485 etiarn

181 1526 259 1564 nunc
280 1526 347 1564 cum
373 1509 492 1582 imperio
507 1509 581 1584 apud
604 1509 764 1564 exereitum
789 1507 936 1575 haberent,¹
959 1507 1084 1580 itemque

143 1587 160 1639 4
183 1584 301 1642 fratrem
316 1587 379 1660 ejus
399 1586 562 1662 Magonem.
603 1586 668 1642 Hoc
683 1604 817 1661 responso
831 1585 1084 1659 Carthaginienses

181 1665 294 1740 cognito
318 1664 512 1721 Hannibalem
527 1665 642 1721 domum
666 1663 877 1739 Magonemque
899 1671 1081 1720 revocarunt.

181 1741 250 1799 Huc
266 1754 297 1800 ut
321 1743 413 1811 rediit,
430 1754 533 1819 praetor
554 1742 648 1799 faetus
662 1752 713 1810 est,
730 1753 878 1817 postquam
904 1748 955 1796 rex'
981 1741 1082 1808 fuerat,

181 1839 255 1877 anno
270 1822 396 1879 secundo
410 1832 438 1878 et
463 1823 611 1877 vicesimc.
652 1819 692 1877 Ut
716 1822 793 1876 enim
819 1819 920 1876 Rornae
941 1818 1082 1887 consules,

181 1900 224 1956 sic
245 1900 420 1976 Carthagine
435 1899 585 1974 quotannis
600 1896 689 1955 annui
712 1898 771 1954 bini
795 1917 877 1974 reges
899 1898 1081 1954 creabantur.

142 1977 213 2034 bln
229 1998 263 2035 eo
284 1981 453 2055 magistratu
479 1979 541 2052 pari
566 1977 714 2052 diligentia
728 1996 759 2032 se
783 1976 929 2032 Hannibal
953 1976 1082 2051 praebuit,

181 2074 216 2112 ac
232 2055 325 2113 fuerat
339 2058 368 2112 in
384 2057 468 2112 bello.
511 2056 646 2130 Namque
661 2054 765 2122 effecit,
780 2074 815 2110 ex
837 2055 917 2110 novis
938 2054 1081 2129 vectigali·

181 2133 235 2190 bus
250 2153 304 2190 non
314 2135 406 2190 solum
420 2145 450 2190 ut
464 2145 538 2189 esset
552 2135 682 2208 pecunia,
693 2151 758 2207 quae
773 2133 911 2189 Romanis
925 2151 960 2188 ex
977 2131 1102 2189 foedere·

181 2212 360 2285 penderetur,
377 2211 425 2266 sed
450 2213 536 2267 etiam
552 2221 722 2285 superesset,
738 2230 803 2285 quae
827 2212 856 2266 in
882 2212 985 2266 aerario
1006 2228 1082 2286 repo·

141 2290 159 2341 6
181 2300 307 2344 neretur.
350 2288 470 2355 Deinde,
487 2307 561 2344 anno
582 2300 643 2363 post
658 2300 822 2364 praeturam,
839 2288 939 2345 Marco
952 2288 1081 2356 Claudio,

180 2364 274 2421 Lucio
297 2366 385 2422 Furio
399 2366 478 2422 Coss.
495 2366 587 2422 Roma
601 2368 688 2442 legati
711 2368 916 2442 Carthaginem
931 2377 1080 2424 venerunt.

181 2443 241 2499 Hos
256 2443 403 2501 Hannibal
419 2446 464 2501 sui
479 2446 650 2519 exposcendi
665 2448 758 2521 gratia
772 2447 872 2501 missos
888 2456 976 2514 ratus,
993 2447 1087 2519 prius.

180 2541 267 2595 quam
283 2524 327 2579 his
340 2535 457 2580 senatus
472 2524 597 2590 daretur,
607 2543 710 2580 navem
721 2523 887 2581 conscendit
901 2524 987 2592 clam,
999 2534 1081 2598 atque

140 2599 158 2652 7
180 2600 207 2656 in
224 2600 340 2676 Syriam
355 2602 391 2659 ad
407 2603 583 2659 Antiochum
599 2601 733 2677 profugit.
761 2602 826 2658 Hac
841 2620 872 2658 re
888 2602 983 2677 palam
999 2601 1081 2667 facta,

180 2678 261 2736 Poem
276 2699 364 2738 naves
378 2681 459 2750 duas,
475 2700 540 2756 quae
554 2701 622 2736 eum
637 2680 920 2755 comprehenderent,
930 2681 955 2736 si
971 2689 1082 2755 possent

179 2761 325 2834 consequi,
342 2761 501 2830 miserunt3
526 2761 599 2815 bona
614 2759 678 2833 ejus
702 2759 906 2834 publicarunt;
929 2759 1047 2815 domum
1066 2776 1082 2813 a

179 2835 372 2893 fundamentis
386 2838 579 2911 disjecerunt3
603 2839 697 2911 ipsum
712 2838 843 2893 exsulem
854 2837 1032 2910 judicarunt.

141 2917 156 2970 1
219 2915 301 2971 VIII.
325 2917 366 2972 At
388 2915 535 2971 Hannibal
562 2934 636 2971 anno
659 2926 729 2990 post,
744 2934 831 2989 quam
846 2915 929 2971 domo
950 2913 1081 2990 profuge·

179 3002 232 3058 rat,
255 2991 291 3047 L.
307 2991 449 3060 Cornelis,
472 2991 580 3055 Quinto
605 2992 734 3050 Minucio
756 2994 836 3050 Coss.
860 3011 929 3049 cum
954 2994 1081 3068 quinque

179 3071 301 3125 navibus
324 3069 457 3125 Africam
482 3071 603 3126 accessit
632 3073 660 3126 in
684 3072 789 3128 finibus
817 3071 1035 3144 Cyrenaeorum,
1058 3071 1081 3126 si

179 3145 250 3203 forte
264 3148 516 3223 Carthaginienses
529 3149 562 3204 ad
579 3150 686 3205 bellum
702 3149 839 3206 Antiochi
853 3168 903 3223 spe
919 3150 1081 3223 fiduciaque

91 3248 97 3259 ·
178 3224 316 3281 inducere
332 3236 442 3299 posset:
464 3228 512 3282 cui
534 3228 594 3301 jam
611 3239 800 3302 persuaserat,
817 3238 848 3285 ut
867 3247 935 3284 eum
953 3227 1079 3284 exerciti-

180 3304 233 3359 bus
247 3305 275 3358 in
291 3304 404 3361 Italiam
422 3306 661 3379 proficisceretur.
704 3307 772 3362 Huc
795 3305 949 3382 Magonem
966 3306 1081 3364 fratrem

139 3385 157 3436 2
179 3383 295 3437 excivit.
350 3382 380 3439 Id
407 3385 455 3439 ubi
478 3384 560 3440 Poeni
584 3385 771 3453 resciverunt,
796 3384 949 3460 Magonem
974 3385 1081 3451 eadem,

177 3478 235 3534 qua
251 3458 378 3528 fratrem,
394 3462 538 3518 absentem
555 3481 639 3536 poena
655 3463 823 3520 affecerunt.
867 3462 912 3519 Illi
927 3463 1083 3538 desperatis

178 3540 265 3595 rebus
287 3559 377 3614 quum
400 3542 549 3597 solvissent
572 3559 670 3609 naves,
685 3561 720 3597 ac
736 3542 800 3598 vela
815 3543 908 3598 ventis
931 3541 1082 3609 dedissent,

178 3614 326 3674 Hannibal
341 3618 376 3675 ad
390 3619 568 3677 Antiochum
585 3621 724 3696 pervenit.
760 3619 805 3677 De
820 3620 954 3696 Magonis
967 3621 1084 3678 interitu
