2474 4080
368 285 442 351 XV.
510 336 516 352 ‚
563 288 843 372 (Epaminondas.)
1014 302 1056 360 59

189 439 242 498 xl.
264 439 296 498 ld
317 460 409 516 quum
423 443 492 498 satis
513 461 544 500 se
559 443 745 500 confirmasse
760 443 914 503 arbitratus
929 456 980 517 est,
996 467 1057 505 cer·
1080 452 1096 507 1

146 520 250 577 tiorem
275 519 343 577 facit
366 518 529 589 Datamem,
544 531 658 596 tempus
677 541 749 590 esse,
773 523 895 597 majores
910 528 1056 584 exercitus

147 599 256 674 parari,
271 608 301 655 et
323 598 432 655 bellum
447 618 515 656 cum
541 600 601 674 ipso
619 618 687 675 rege
702 602 828 674 suseipi3
852 601 945 677 deque
966 625 1000 660 ea
1016 623 1056 674 re,

146 677 172 733 si
196 677 225 733 ei
247 676 404 745 videretur,
423 697 481 752 quo
495 678 559 734 loco
574 678 670 746 vellet,
694 679 723 733 in
746 679 919 752 colloquium
935 684 1055 740 veniret.

147 754 274 812 Probata
289 773 329 824 re,
352 756 534 830 colloquendi
555 767 669 831 tempus
690 757 822 822 sumitur,
838 757 985 833 locusque,
1000 780 1057 835 quo

146 834 362 890 conveniretur.
392 833 460 891 Huc
477 834 658 890 Mithridates
673 853 741 890 cum
757 853 822 902 uno,
838 837 886 891 cui
901 840 1056 898 maximam
1077 841 1096 894 2

147 905 273 968 habebat
293 911 388 980 fidem,
405 924 469 968 ante
489 913 597 986 aliquot
618 913 679 968 dies
693 914 779 980 venit,
802 915 1057 990 compluribusque

146 989 220 1065 locis
248 991 403 1065 separatim
430 991 541 1067 gladios
569 991 671 1059 obruit,
698 1009 790 1066 eaque
818 991 880 1047 loca
906 993 1058 1069 diligenter

146 1080 236 1126 notat.
280 1068 343 1144 Ipso
358 1080 456 1127 autem
477 1069 659 1144 colloquendi
683 1069 729 1126 die
751 1070 874 1142 utrique,
889 1071 985 1128 locum
1007 1073 1057 1147 qui

146 1147 340 1222 explorarent,
356 1159 442 1222 atque
463 1149 539 1223 ipsos
553 1159 761 1214 scrutarentur,
778 1149 902 1204 mittunt.
945 1149 1057 1207 Deinde

147 1225 201 1300 ipsi
216 1237 284 1282 sunt
298 1228 456 1301 congressi.
500 1226 559 1284 Hic
573 1245 663 1301 quum
679 1227 856 1300 aliquamdiu
871 1227 900 1282 in
915 1229 1056 1303 colloquio
1077 1229 1095 1282 3

147 1301 278 1373 fuissent,
292 1315 321 1360 et
335 1304 442 1360 diversi
456 1304 661 1371 discessissent,
674 1306 793 1379 jamque
804 1306 904 1379 procul
919 1304 1057 1364 Datames

147 1382 279 1439 abesset:
303 1382 492 1452 Mithridates,
508 1385 677 1459 priusquam
700 1383 735 1439 ad
750 1402 817 1439 suos
832 1385 1004 1457 perveniret,
1021 1405 1057 1443 ne

146 1478 235 1534 quam
250 1463 442 1536 suspicionem
459 1463 620 1538 pareret,in
632 1462 765 1517 eumdem
781 1462 876 1517 locum
893 1465 1055 1532 revertitur,

147 1549 234 1613 atque
256 1540 304 1608 ibi,
320 1541 369 1596 ubi
394 1540 484 1596 telum
506 1552 567 1597 erat
593 1541 766 1614 impositum,
783 1539 896 1608 resedit,
913 1551 944 1596 ut
964 1542 988 1597 si
1010 1542 1056 1617 [a]

146 1616 316 1674 lassitudine
331 1631 453 1693 cuperet
468 1621 665 1694 acquiescere,
678 1616 889 1692 Datamemque
902 1621 1055 1688 revocavit,

146 1696 298 1764 simulans
314 1716 345 1753 se
365 1697 502 1772 quiddam
524 1699 554 1753 in
569 1698 711 1771 colloquio
733 1716 795 1752 esse
809 1697 939 1752 oblitum.
983 1697 1055 1754 lnte-
1077 1697 1097 1750 4

147 1775 201 1830 rim
225 1774 326 1843 telum,
349 1775 424 1849 quod
448 1776 563 1844 latebat,
590 1776 708 1850 protulit
732 1773 930 1846 nudatumque
951 1777 1058 1851 vagina

147 1863 226 1908 veste
242 1855 321 1922 texit,
342 1872 377 1910 ac
392 1851 510 1921 Datami
525 1854 651 1910 venienti
667 1853 715 1921 ait,
730 1851 938 1927 digredientem
951 1872 982 1908 se
998 1853 1057 1908 aui-

147 1931 343 2000 madvcrtisse,
359 1930 456 1988 locum
471 1932 635 2006 quemdam,
650 1932 778 2005 quierat
797 1930 825 1984 in
841 1939 1006 2003 conspeetu,
1022 1929 1059 1985 ad

146 2020 242 2065 castra
264 2009 395 2084 ponenda
410 2029 472 2067 esse
495 2011 641 2067 idoneum.
684 2009 780 2073 Quem
795 2026 885 2081 quum
908 2007 995 2082 digito
1010 2007 1097 2063 deo

146 2097 326 2155 monstraret,
342 2098 370 2144 et
390 2088 439 2144 ille
454 2091 641 2163 conspiceret,
658 2105 792 2143 aversum
809 2084 884 2142 ferro
905 2085 1055 2154 transfixit,

165 2166 295 2240 riusque,
310 2185 399 2240 quam
414 2168 567 2241 quisquam
589 2178 681 2241 posset
703 2182 885 2232 succurrere,
902 2162 1056 2221 interiecit.

146 2183 189 2301 ita
203 2245 253 2300 ille
269 2244 322 2312 vir,
338 2245 388 2319 qui
410 2245 515 2302 multos
528 2246 657 2313 consilio,
674 2246 818 2301 neminem
840 2242 961 2317 perfidia
975 2261 1057 2318 cepe-

146 2333 200 2392 rat,
216 2322 352 2380 simulata
367 2335 469 2398 captus
484 2334 527 2380 est
542 2325 680 2380 amicitia.

438 2552 768 2561 ———-——-

246 2728 353 2802 XV.
416 2725 944 2803 EPAMINONDAS.

186 3023 210 3082 Ι.
233 3023 455 3097 Epaminondas,
477 3023 608 3097 Polymni
619 3025 712 3102 filins,
735 3022 891 3080 Thebanus.
933 3019 978 3077 De
1002 3020 1057 3076 hoc
1079 3023 1094 3077 1

146 3105 316 3180 priusquam
331 3104 502 3171 scribamus,
526 3103 587 3159 haec
602 3101 795 3177 praecipienda
816 3100 951 3156 videntur
969 3098 1056 3154 lecto-

79 3174 84 3183 ’
148 3183 236 3249 ribus,
254 3199 289 3236 ne
305 3180 415 3238 alienos
436 3200 530 3237 mores
546 3180 580 3236 ad
596 3200 662 3236 suos
677 3179 823 3248 referant3
847 3194 920 3232 neve
936 3195 979 3243 ea,
991 3192 1057 3249 quae

147 3260 216 3334 ipsis
241 3259 352 3315 leviora
372 3269 448 3327 sunt,
470 3259 532 3333 pari
547 3257 629 3314 modo
644 3257 717 3332 apud
740 3266 851 3312 ceteros
873 3252 961 3309 fuisse
982 3250 1056 3308 arbi-

146 3348 269 3394 trentur.
310 3335 427 3392 Scimus
442 3337 529 3404 enim,
542 3336 672 3392 musicen
687 3334 790 3389 nostris
812 3331 939 3387 moribus
954 3331 1055 3385 abesse
1075 3331 1095 3383 2

148 3435 165 3472 a
186 3415 326 3490 principis
346 3432 488 3488 persona;
511 3413 618 3468 saltare
633 3430 701 3468 vero
716 3411 803 3466 etiam
824 3411 853 3464 in
875 3408 952 3463 vitiis
972 3405 1055 3480 poni:
1098 3467 1101 3472 ,

147 3511 213 3568 quge
234 3491 331 3548 omnia
353 3491 428 3566 apud
451 3490 570 3546 Graecos
591 3499 619 3545 et
636 3499 727 3563 grata,
743 3497 771 3544 et
795 3484 881 3541 laude
902 3483 990 3558 digna
1004 3481 1055 3536 du·
1099 3508 1101 3511 ·

147 3581 266 3628 cuntur.
309 3568 411 3633 Quum
433 3577 529 3624 autem
551 3568 712 3640 exprimere
734 3563 890 3636 imaginem
904 3559 1096 3617 consuetu-8

147 3645 223 3704 dinis
247 3655 335 3720 atque
356 3647 424 3703 ritas
445 3645 570 3701 velimus
592 3638 810 3718 Epaminonda,
829 3635 901 3691 nihil
924 3633 1058 3693 videmur
