2474 4080
400 218 425 280 1.
459 224 489 295 ι,
505 221 535 280 s.
580 218 777 300 (Mirrada.)
1017 224 1052 282 ιι

148 372 235 434 retur,
248 363 331 438 isque
345 364 505 421 hortaretur
517 365 633 433 milites,
648 364 834 439 proeliumque
849 364 1047 421 committeret.

149 440 232 499 Idem
255 442 305 499 ille
333 444 465 516 populus,
493 453 679 516 posteaquam
704 444 796 518 majus
824 443 975 517 imperium
1003 444 1086 500 est4

148 530 259 589 nactus,
283 531 312 575 et
339 520 491 595 largitione
512 520 726 595 magistratuum
748 533 896 595 corruptus
919 531 973 590 est,
992 531 1048 577 tre·

149 610 249 654 centas
265 609 372 654 statuas
388 598 536 654 Demetrio
553 598 696 655 Phalereo
711 599 850 655 decrevit.

189 675 258 740 Vll.
281 676 352 732 Post
371 676 427 732 hoc
448 676 579 750 proelium
593 678 719 732 classem
732 676 913 753 septuaginta
930 675 1049 733 navium
1070 680 1085 735 1

149 754 346 810 Athenienses
371 754 467 810 eidem
492 754 618 811 Miltiadi
639 754 786 823 dederunt,
801 766 832 810 ut
850 754 1048 827 insulasque

147 833 283 889 barbaros
297 832 473 907 adjuverant,
485 833 561 888 bello
576 844 805 906 persequeretur.
847 833 913 898 Quo
927 832 1048 907 imperio

148 910 300 998 plerasque
316 910 352 966 ad
366 910 491 966 officium
504 910 598 966 redire
614 911 717 985 coegit,
731 911 884 967 nonnullas
896 910 927 967 ιι
940 928 1048 985 expug-

148 989 236 1044 navit.
279 988 326 1043 Ex
350 987 397 1044 his
424 988 529 1044 Parum
554 988 687 1057 insulam,
700 990 803 1063 opibus
829 990 941 1057 elatam,
962 994 1086 1061 quana

149 1067 276 1122 oratione
300 1065 491 1123 reconciliare
516 1084 573 1123 non
599 1078 709 1141 posset,
730 1068 830 1141 copias
858 1068 888 1143 [e
910 1066 1045 1154 naribus]

149 1144 256 1213 eduxit,
270 1146 369 1200 urbem
383 1144 518 1233 operibus
537 1145 641 1201 clausit
658 1143 792 1218 omnique
813 1155 972 1201 commeatu
992 1144 1048 1231 pri·

148 1223 241 1290 vavit;
263 1222 408 1278 deinde
382 1223 476 1278 vineis
492 1242 525 1278 ac
540 1222 729 1280 testudinibus
745 1222 915 1292 constitutis,
928 1222 1046 1297 propius

147 1318 243 1356 muros
259 1300 393 1356 accessit.
436 1301 559 1365 Quum
548 1320 608 1375 Janr
622 1300 651 1356 in
666 1320 701 1357 eo
718 1313 805 1370 esset,
816 1312 847 1357 ut
857 1302 962 1375 oppido
976 1302 1048 1375 poti·
1069 1304 1086 1357 3

148 1390 225 1434 retur
227 1379 344 1465 ,procul
358 1378 389 1434 in
400 1378 558 1435 continenti
569 1379 661 1448 lucus,
672 1378 720 1452 qui
731 1398 769 1435 ex
778 1380 874 1436 insula
885 1379 1047 1453 conspicie-

147 1457 237 1525 batur,
251 1457 353 1512 nescio
367 1475 423 1529 quo
438 1475 518 1525 casu,
533 1467 671 1513 nocturno
689 1468 818 1533 tempore
837 1458 977 1514 incensus
992 1468 1046 1513 est.

151 1534 240 1609 Cujus
264 1535 377 1590 flamma
400 1546 430 1590 ut
454 1535 489 1590 ab
513 1535 664 1609 oppidanis
687 1546 716 1591 et
738 1535 980 1611 oppugnatoribus
1003 1546 1048 1591 est

149 1612 221 1680 visa,
236 1613 361 1686 utrisque
379 1613 457 1669 venit
478 1612 508 1668 in
527 1614 701 1688 opinionem,
716 1612 830 1688 signum
851 1634 868 1669 a
889 1613 1047 1669 classiariis

148 1691 237 1764 regiis
252 1691 356 1747 datum.
398 1691 464 1756 Quo
478 1690 583 1747 sactum
598 1702 651 1759 est,
668 1702 697 1747 ut
716 1702 744 1747 et
765 1691 845 1749 Parii
864 1711 881 1747 a
900 1691 1086 1747 deditionel

149 1768 367 1839 deterrerentur,
383 1780 411 1825 et
430 1769 588 1838 Miltiades,
603 1768 719 1837 timenS,
733 1787 770 1825 ne
785 1770 890 1825 classis
904 1770 985 1843 regia
999 1769 1047 1825 ad-

148 1858 286 1916 ventaret,
300 1846 430 1904 incensis
448 1847 594 1921 operibus,
608 1866 670 1921 quae
685 1857 830 1915 statuerat,
846 1866 911 1902 curn
928 1846 1048 1903 totidem

148 1925 278 1994 navibus
290 1936 373 1998 atque
385 1936 446 1982 erat
459 1925 615 1999 profectus,
627 1924 757 1981 Athenas
768 1942 872 1999 magna
883 1943 949 1979 cum
958 1924 1048 1981 offen-

148 2002 230 2059 sione
253 2002 361 2059 civium
382 2022 498 2060 suorum
518 2002 635 2060 rediret.
676 2004 838 2059 Accusatus
860 2021 929 2077 ergo
953 2000 1086 2076 prodi-5

148 2080 243 2150 tionis,
254 2082 338 2154 quod,
349 2100 435 2156 quum
449 2082 555 2139 Parum
568 2098 734 2156 expugnare
746 2092 857 2156 posset,
871 2101 889 2137 a
901 2100 971 2156 rege
987 2099 1048 2137 cor·

147 2170 245 2233 ruptus
269 2158 386 2216 insectis
409 2161 493 2216 rebus
515 2160 714 2217 discessisset.
755 2158 802 2217 Eo
821 2170 949 2235 tempore
971 2178 1049 2235 aeger

149 2248 210 2293 erat
223 2236 399 2307 vulneribus,
413 2257 475 2327 quae
496 2238 526 2294 in
546 2238 737 2313 oppugnando
756 2238 863 2313 oppido
883 2249 1047 2313 acceperat.

148 2316 248 2389 Itaque
268 2316 403 2389 quoniam
424 2316 489 2389 ipse
512 2334 563 2390 pro
585 2336 619 2373 se
640 2316 740 2373 dicere
759 2334 818 2374 non
837 2327 948 2392 posset,
960 2318 1075 2396 verba
1091 2349 1103 2367 ,ι

148 2392 219 2450 lecit
231 2392 392 2483 fraterejus
404 2394 572 2469 Tisagoras.
604 2395 702 2451 Causa
715 2394 832 2470 cognita
845 2394 949 2470 capitis
964 2394 1048 2451 abso·
1062 2372 1087 2449 b

148 2472 234 2541 lutus,
246 2472 372 2561 pecunia
390 2472 524 2528 multatus
545 2482 598 2542 est,
613 2490 704 2545 eaque
724 2472 762 2529 lis
782 2472 988 2547 quinquaginta
1005 2480 1048 2529 ta-

147 2548 235 2605 lentis
254 2550 393 2606 aesnmata
410 2559 465 2619 est,
479 2561 600 2624 quantus
622 2550 652 2605 in
676 2550 803 2605 classem
823 2560 933 2606 sumtus
955 2549 1048 2606 sactus

148 2637 219 2683 arat
248 2626 333 2684 Hanc
347 2627 501 2717 pecuniam
515 2628 590 2701 quod
603 2627 740 2683 solvere
732 2646 762 2682 ιιι
776 2626 930 2700 prasentia
989 2652 1028 2691 ιω

148 2723 206 2762 non
229 2715 349 2780 poterat,
370 2706 402 2763 in
425 2706 543 2763 vincula
570 2706 686 2779 publica
710 2704 859 2779 conjectus
885 2715 931 2759 est
966 2710 987 2739 ⁸·
995 2701 1019 2739 ⁰·
1028 2712 1050 2739 ²·

148 2783 243 2857 ibique
258 2782 336 2840 diem
350 2783 421 2841 obiit
435 2802 608 2873 supremum

189 2860 272 2919 VIII.
295 2861 354 2919 Hic
367 2863 422 2919 etsi
434 2862 552 2919 crimine
565 2860 651 2919 Pario
660 2870 705 2918 est
716 2870 983 2930 accusatus,tamen
991 2858 1049 2917 alia
1071 2865 1084 2919 1

147 2938 200 2997 fuit
218 2959 307 2996 causa
326 2940 527 2997 damnationis.
568 2940 699 3013 Namque
715 2939 913 2997 Athenienses
932 2948 1049 3015 propter

148 3016 293 3075 Pisistrati
307 3018 496 3093 tyrannidem.
506 3036 569 3093 quae
582 3018 684 3093 paucis
694 3019 779 3075 annis
791 3029 857 3074 ante
871 3016 974 3085 fuerat,
988 3035 1048 3074 om-

146 3096 458 3161 niumsuorumcivium
465 3096 621 3169 potentiam
629 3096 865 3153 extimescebant.
887 3094 1047 3164 Miltiades,
1067 3098 1086 3151 2

145 3174 265 3231 multum
279 3174 309 3230 in
323 3174 454 3248 imperiis
467 3174 735 3249 magistratibusque
746 3183 886 3243 versatus,
899 3191 958 3229 non
968 3172 1048 3229 vide-

147 3253 227 3309 batur
241 3270 330 3326 posse
342 3270 409 3309 esse
424 3250 562 3326 privatus,
573 3252 731 3326 praesertim
744 3269 829 3324 quum
839 3250 1048 3308 consuetudine

146 3330 183 3387 nd
203 3329 319 3404 imperii
340 3329 525 3403 cupiditatem
544 3328 620 3385 trahi
632 3328 787 3385 viderenrr.
828 3328 857 3385 N
859 3346 905 3383 am
922 3327 1048 3383 Cherso·
1068 3330 1086 3383 3

145 3408 212 3465 nesi
232 3425 333 3464 omnes
354 3406 430 3474 illos,
444 3424 515 3480 quos
537 3406 687 3473 habitarat,
701 3422 792 3461 annos
813 3414 982 3479 perpetuam
999 3406 1049 3461 ob·

145 3496 270 3543 tinuerat
291 3450 524 3553 dominationem,
545 3492 739 3571 tyrannusque
763 3480 855 3538 suerat
877 3480 1048 3555 appellatus,

144 3563 201 3621 aed
217 3564 323 3638 justus.
365 3560 434 3619 Non
447 3569 509 3617 erat
527 3560 606 3617 enim
617 3558 648 3667 ιι
662 3568 846 3626 consecutus,
860 3557 914 3614 sed
932 3574 1049 3615 suorum
