<?xml version="1.0" encoding="UTF-8"?>
<!DOCTYPE html PUBLIC "-//W3C//DTD XHTML 1.0 Transitional//EN"
    "http://www.w3.org/TR/xhtml1/DTD/xhtml1-transitional.dtd">
<html xmlns="http://www.w3.org/1999/xhtml" xml:lang="en" lang="en">
 <head>
  <title>
</title>
<meta http-equiv="Content-Type" content="text/html;charset=utf-8" />
  <meta name='ocr-system' content='tesseract 3.04.00' />
  <meta name='ocr-capabilities' content='ocr_page ocr_carea ocr_par ocr_line ocrx_word'/>
</head>
<body>
  <div class='ocr_page' id='page_1' title='image "./corneliusneposw00nepogoog_0103.png"; bbox 0 0 2474 4080; ppageno 0'>
   <div class='ocr_carea' id='block_1_1' title="bbox 186 243 990 331">
    <p class='ocr_par' dir='ltr' id='par_1_1' title="bbox 186 243 990 331">
     <span class='ocr_line' id='line_1_1' title="bbox 186 243 990 331; baseline -0.012 -13"><span class='ocrx_word' id='word_1_1' title='bbox 186 259 229 319; x_wconf 82' lang='lat' dir='ltr'><strong>os</strong></span> <span class='ocrx_word' id='word_1_2' title='bbox 285 249 394 315; x_wconf 83' lang='lat' dir='ltr'><strong>xxv,</strong></span> <span class='ocrx_word' id='word_1_3' title='bbox 437 256 468 325; x_wconf 78' lang='lat' dir='ltr'><strong>a,</strong></span> <span class='ocrx_word' id='word_1_4' title='bbox 483 255 512 313; x_wconf 80' lang='lat' dir='ltr'><strong>a.</strong></span> <span class='ocrx_word' id='word_1_5' title='bbox 558 246 612 331; x_wconf 78' lang='grc' dir='ltr'><strong>(Τ.</strong></span> <span class='ocrx_word' id='word_1_6' title='bbox 628 244 823 329; x_wconf 69' lang='lat' dir='ltr'><strong>Pomponius</strong></span> <span class='ocrx_word' id='word_1_7' title='bbox 838 243 990 329; x_wconf 68' lang='lat' dir='ltr'><strong>aaa.)</strong></span> 
     </span>
    </p>
   </div>
   <div class='ocr_carea' id='block_1_2' title="bbox 137 397 1158 3673">
    <p class='ocr_par' dir='ltr' id='par_1_2' title="bbox 182 397 1092 553">
     <span class='ocr_line' id='line_1_2' title="bbox 182 397 1091 479; baseline -0.003 -18"><span class='ocrx_word' id='word_1_8' title='bbox 182 403 396 479; x_wconf 77' lang='lat' dir='ltr'>pronunciaret.</span> <span class='ocrx_word' id='word_1_9' title='bbox 427 401 496 465; x_wconf 81' lang='lat' dir='ltr'><strong>Qua</strong></span> <span class='ocrx_word' id='word_1_10' title='bbox 510 419 546 457; x_wconf 88' lang='lat' dir='ltr'><strong>ex</strong></span> <span class='ocrx_word' id='word_1_11' title='bbox 562 419 593 457; x_wconf 89' lang='lat' dir='ltr'><strong>re</strong></span> <span class='ocrx_word' id='word_1_12' title='bbox 608 401 636 455; x_wconf 93' lang='lat' dir='ltr'><strong>in</strong></span> <span class='ocrx_word' id='word_1_13' title='bbox 652 398 776 473; x_wconf 90' lang='lat' dir='ltr'><strong>pueritia</strong></span> <span class='ocrx_word' id='word_1_14' title='bbox 789 397 895 455; x_wconf 90' lang='lat' dir='ltr'><strong>nobilis</strong></span> <span class='ocrx_word' id='word_1_15' title='bbox 908 398 982 455; x_wconf 90' lang='lat' dir='ltr'><strong>inter</strong></span> <span class='ocrx_word' id='word_1_16' title='bbox 996 416 1091 473; x_wconf 82' lang='lat' dir='ltr'><strong>aequa·</strong></span> 
     </span>
     <span class='ocr_line' id='line_1_3' title="bbox 182 475 1092 553; baseline -0.002 -15"><span class='ocrx_word' id='word_1_17' title='bbox 182 482 225 538; x_wconf 91' lang='lat' dir='ltr'><strong>les</strong></span> <span class='ocrx_word' id='word_1_18' title='bbox 237 480 392 549; x_wconf 90' lang='lat' dir='ltr'><strong>ferebatur,</strong></span> <span class='ocrx_word' id='word_1_19' title='bbox 402 480 569 552; x_wconf 86' lang='lat' dir='ltr'><strong>clariusque</strong></span> <span class='ocrx_word' id='word_1_20' title='bbox 583 475 846 551; x_wconf 84' lang='lat' dir='ltr'><strong>exsplendescebat,</strong></span> <span class='ocrx_word' id='word_1_21' title='bbox 857 495 945 551; x_wconf 88' lang='lat' dir='ltr'><strong>quam</strong></span> <span class='ocrx_word' id='word_1_22' title='bbox 959 478 1092 553; x_wconf 69' lang='lat' dir='ltr'><strong>generom&#39;</strong></span> 
     </span>
    </p>

    <p class='ocr_par' dir='ltr' id='par_1_3' title="bbox 142 554 1092 863">
     <span class='ocr_line' id='line_1_4' title="bbox 142 554 1092 632; baseline -0.001 -17"><span class='ocrx_word' id='word_1_23' title='bbox 142 562 161 615; x_wconf 87' lang='lat'>4</span> <span class='ocrx_word' id='word_1_24' title='bbox 182 559 370 632; x_wconf 82' lang='lat' dir='ltr'><strong>condiscipuli</strong></span> <span class='ocrx_word' id='word_1_25' title='bbox 386 558 481 613; x_wconf 92' lang='lat' dir='ltr'><strong>animo</strong></span> <span class='ocrx_word' id='word_1_26' title='bbox 495 575 577 630; x_wconf 80' lang='lat' dir='ltr'><strong>aequo</strong></span> <span class='ocrx_word' id='word_1_27' title='bbox 592 554 667 610; x_wconf 89' lang='lat' dir='ltr'><strong>ferre</strong></span> <span class='ocrx_word' id='word_1_28' title='bbox 683 563 806 629; x_wconf 87' lang='lat' dir='ltr'><strong>possent.</strong></span> <span class='ocrx_word' id='word_1_29' title='bbox 843 554 943 631; x_wconf 88' lang='lat' dir='ltr'><strong>ltaque</strong></span> <span class='ocrx_word' id='word_1_30' title='bbox 955 556 1092 615; x_wconf 85' lang='lat' dir='ltr'><strong>incitabat</strong></span> 
     </span>
     <span class='ocr_line' id='line_1_5' title="bbox 169 630 1091 709; baseline -0.002 -16"><span class='ocrx_word' id='word_1_31' title='bbox 169 642 280 693; x_wconf 68' lang='lat' dir='ltr'><strong>Omnes</strong></span> <span class='ocrx_word' id='word_1_32' title='bbox 294 636 387 692; x_wconf 89' lang='lat' dir='ltr'><strong>studio</strong></span> <span class='ocrx_word' id='word_1_33' title='bbox 398 654 469 705; x_wconf 90' lang='lat' dir='ltr'><strong>suo;</strong></span> <span class='ocrx_word' id='word_1_34' title='bbox 493 652 549 708; x_wconf 94' lang='lat' dir='ltr'><strong>quo</strong></span> <span class='ocrx_word' id='word_1_35' title='bbox 564 635 593 690; x_wconf 94' lang='lat' dir='ltr'><strong>in</strong></span> <span class='ocrx_word' id='word_1_36' title='bbox 603 651 726 689; x_wconf 88' lang='lat' dir='ltr'><strong>numero</strong></span> <span class='ocrx_word' id='word_1_37' title='bbox 740 630 856 690; x_wconf 79' lang='lat' dir='ltr'><strong>suerunt</strong></span> <span class='ocrx_word' id='word_1_38' title='bbox 867 632 902 689; x_wconf 87' lang='lat' dir='ltr'><strong>L.</strong></span> <span class='ocrx_word' id='word_1_39' title='bbox 916 633 1091 709; x_wconf 80' lang='lat' dir='ltr'><strong>Torquatus,</strong></span> 
     </span>
     <span class='ocr_line' id='line_1_6' title="bbox 181 711 1092 784; baseline 0.001 -15"><span class='ocrx_word' id='word_1_40' title='bbox 181 715 216 770; x_wconf 89' lang='lat' dir='ltr'><strong>C.</strong></span> <span class='ocrx_word' id='word_1_41' title='bbox 234 713 346 769; x_wconf 89' lang='lat' dir='ltr'><strong>Marius</strong></span> <span class='ocrx_word' id='word_1_42' title='bbox 366 713 453 781; x_wconf 89' lang='lat' dir='ltr'><strong>filius,</strong></span> <span class='ocrx_word' id='word_1_43' title='bbox 470 712 510 767; x_wconf 90' lang='lat' dir='ltr'><strong>M.</strong></span> <span class='ocrx_word' id='word_1_44' title='bbox 527 711 646 767; x_wconf 88' lang='lat' dir='ltr'><strong>Cicero:</strong></span> <span class='ocrx_word' id='word_1_45' title='bbox 668 729 739 784; x_wconf 90' lang='lat' dir='ltr'><strong>quos</strong></span> <span class='ocrx_word' id='word_1_46' title='bbox 753 711 960 768; x_wconf 89' lang='lat' dir='ltr'><strong>consuetudine</strong></span> <span class='ocrx_word' id='word_1_47' title='bbox 981 714 1092 771; x_wconf 87' lang='lat' dir='ltr'><strong>suasio</strong></span> 
     </span>
     <span class='ocr_line' id='line_1_7' title="bbox 182 788 958 863; baseline -0.003 -15"><span class='ocrx_word' id='word_1_48' title='bbox 182 792 237 848; x_wconf 87' lang='lat' dir='ltr'><strong>sibi</strong></span> <span class='ocrx_word' id='word_1_49' title='bbox 251 790 388 858; x_wconf 83' lang='lat' dir='ltr'><strong>devinxit,</strong></span> <span class='ocrx_word' id='word_1_50' title='bbox 405 799 436 846; x_wconf 91' lang='lat' dir='ltr'><strong>ut</strong></span> <span class='ocrx_word' id='word_1_51' title='bbox 450 808 535 845; x_wconf 89' lang='lat' dir='ltr'><strong>nemo</strong></span> <span class='ocrx_word' id='word_1_52' title='bbox 549 790 585 845; x_wconf 90' lang='lat' dir='ltr'><strong>iis</strong></span> <span class='ocrx_word' id='word_1_53' title='bbox 599 798 737 863; x_wconf 90' lang='lat' dir='ltr'><strong>perpetuo</strong></span> <span class='ocrx_word' id='word_1_54' title='bbox 753 788 838 846; x_wconf 86' lang='lat' dir='ltr'><strong>suerit</strong></span> <span class='ocrx_word' id='word_1_55' title='bbox 852 790 958 846; x_wconf 85' lang='lat' dir='ltr'><strong>carior.</strong></span> 
     </span>
    </p>

    <p class='ocr_par' dir='ltr' id='par_1_4' title="bbox 143 865 1090 1178">
     <span class='ocr_line' id='line_1_8' title="bbox 143 865 1090 946; baseline -0.007 -20"><span class='ocrx_word' id='word_1_56' title='bbox 143 873 159 926; x_wconf 93' lang='lat'>1</span> <span class='ocrx_word' id='word_1_57' title='bbox 222 869 260 926; x_wconf 92' lang='lat' dir='ltr'><strong>ll.</strong></span> <span class='ocrx_word' id='word_1_58' title='bbox 283 869 369 925; x_wconf 88' lang='lat' dir='ltr'><strong>Pater</strong></span> <span class='ocrx_word' id='word_1_59' title='bbox 383 879 496 924; x_wconf 90' lang='lat' dir='ltr'><strong>mature</strong></span> <span class='ocrx_word' id='word_1_60' title='bbox 511 867 644 923; x_wconf 82' lang='lat' dir='ltr'><strong>decessit.</strong></span> <span class='ocrx_word' id='word_1_61' title='bbox 681 865 745 941; x_wconf 88' lang='lat' dir='ltr'><strong>lpse</strong></span> <span class='ocrx_word' id='word_1_62' title='bbox 760 866 996 925; x_wconf 87' lang='lat' dir='ltr'><strong>adolescentulus</strong></span> <span class='ocrx_word' id='word_1_63' title='bbox 1010 886 1090 946; x_wconf 84' lang='lat' dir='ltr'>prop.</span> 
     </span>
     <span class='ocr_line' id='line_1_9' title="bbox 181 944 1090 1021; baseline 0.004 -18"><span class='ocrx_word' id='word_1_64' title='bbox 181 957 227 1013; x_wconf 79' lang='lat' dir='ltr'><strong>ter</strong></span> <span class='ocrx_word' id='word_1_65' title='bbox 241 946 408 1003; x_wconf 90' lang='lat' dir='ltr'><strong>affinitatem</strong></span> <span class='ocrx_word' id='word_1_66' title='bbox 423 946 454 1002; x_wconf 92' lang='lat' dir='ltr'><strong>P.</strong></span> <span class='ocrx_word' id='word_1_67' title='bbox 471 945 604 1019; x_wconf 84' lang='lat' dir='ltr'><strong>Sulpicii,</strong></span> <span class='ocrx_word' id='word_1_68' title='bbox 626 944 677 1018; x_wconf 91' lang='lat' dir='ltr'><strong>qni</strong></span> <span class='ocrx_word' id='word_1_69' title='bbox 692 944 825 1002; x_wconf 88' lang='lat' dir='ltr'><strong>tribunus</strong></span> <span class='ocrx_word' id='word_1_70' title='bbox 846 945 937 1021; x_wconf 87' lang='lat' dir='ltr'><strong>piebis</strong></span> <span class='ocrx_word' id='word_1_71' title='bbox 959 946 1090 1007; x_wconf 85' lang='lat' dir='ltr'><strong>interfec-</strong></span> 
     </span>
     <span class='ocr_line' id='line_1_10' title="bbox 182 1021 1090 1098; baseline 0 -16"><span class='ocrx_word' id='word_1_72' title='bbox 182 1035 229 1082; x_wconf 91' lang='lat' dir='ltr'><strong>tus</strong></span> <span class='ocrx_word' id='word_1_73' title='bbox 243 1035 295 1094; x_wconf 90' lang='lat' dir='ltr'><strong>est,</strong></span> <span class='ocrx_word' id='word_1_74' title='bbox 310 1042 366 1079; x_wconf 93' lang='lat' dir='ltr'><strong>non</strong></span> <span class='ocrx_word' id='word_1_75' title='bbox 381 1041 484 1097; x_wconf 86' lang='lat' dir='ltr'><strong>expers</strong></span> <span class='ocrx_word' id='word_1_76' title='bbox 500 1021 553 1078; x_wconf 91' lang='lat' dir='ltr'><strong>suit</strong></span> <span class='ocrx_word' id='word_1_77' title='bbox 567 1023 646 1078; x_wconf 91' lang='lat' dir='ltr'><strong>illius</strong></span> <span class='ocrx_word' id='word_1_78' title='bbox 661 1022 793 1096; x_wconf 91' lang='lat' dir='ltr'><strong>periculi.</strong></span> <span class='ocrx_word' id='word_1_79' title='bbox 821 1022 958 1098; x_wconf 80' lang='lat' dir='ltr'><strong>Namque</strong></span> <span class='ocrx_word' id='word_1_80' title='bbox 973 1026 1090 1097; x_wconf 81' lang='lat' dir='ltr'><strong>Anicia,</strong></span> 
     </span>
     <span class='ocr_line' id='line_1_11' title="bbox 183 1098 1088 1178; baseline 0.006 -20"><span class='ocrx_word' id='word_1_81' title='bbox 183 1102 330 1176; x_wconf 90' lang='lat' dir='ltr'><strong>Pomponii</strong></span> <span class='ocrx_word' id='word_1_82' title='bbox 345 1101 524 1168; x_wconf 90' lang='lat' dir='ltr'><strong>consobrina,</strong></span> <span class='ocrx_word' id='word_1_83' title='bbox 535 1111 671 1173; x_wconf 82' lang='lat' dir='ltr'><strong>nupserat</strong></span> <span class='ocrx_word' id='word_1_84' title='bbox 687 1098 727 1154; x_wconf 92' lang='lat' dir='ltr'><strong>M.</strong></span> <span class='ocrx_word' id='word_1_85' title='bbox 739 1099 849 1171; x_wconf 88' lang='lat' dir='ltr'><strong>Servio,</strong></span> <span class='ocrx_word' id='word_1_86' title='bbox 860 1099 941 1159; x_wconf 84' lang='lat' dir='ltr'><strong>fratri</strong></span> <span class='ocrx_word' id='word_1_87' title='bbox 955 1102 1088 1178; x_wconf 80' lang='lat' dir='ltr'><strong>Sulpicii.</strong></span> 
     </span>
    </p>

    <p class='ocr_par' dir='ltr' id='par_1_5' title="bbox 143 1176 1090 1725">
     <span class='ocr_line' id='line_1_12' title="bbox 143 1176 1090 1254; baseline 0.006 -20"><span class='ocrx_word' id='word_1_88' title='bbox 143 1178 283 1254; x_wconf 77' lang='lat' dir='ltr'><strong>2ltaque</strong></span> <span class='ocrx_word' id='word_1_89' title='bbox 308 1176 458 1235; x_wconf 88' lang='lat' dir='ltr'><strong>interfecto</strong></span> <span class='ocrx_word' id='word_1_90' title='bbox 486 1178 617 1253; x_wconf 87' lang='lat' dir='ltr'><strong>Sulpicio</strong></span> <span class='ocrx_word' id='word_1_91' title='bbox 645 1187 830 1252; x_wconf 79' lang='lat' dir='ltr'><strong>posteaquam</strong></span> <span class='ocrx_word' id='word_1_92' title='bbox 852 1180 931 1249; x_wconf 73' lang='lat' dir='ltr'><strong>viat,</strong></span> <span class='ocrx_word' id='word_1_93' title='bbox 960 1180 1090 1241; x_wconf 82' lang='lat' dir='ltr'><strong>Cinnano</strong></span> 
     </span>
     <span class='ocr_line' id='line_1_13' title="bbox 182 1255 1089 1331; baseline 0.004 -18"><span class='ocrx_word' id='word_1_94' title='bbox 182 1257 307 1313; x_wconf 86' lang='lat' dir='ltr'><strong>tumultu</strong></span> <span class='ocrx_word' id='word_1_95' title='bbox 322 1257 468 1313; x_wconf 90' lang='lat' dir='ltr'><strong>civitatem</strong></span> <span class='ocrx_word' id='word_1_96' title='bbox 483 1275 546 1311; x_wconf 90' lang='lat' dir='ltr'><strong>esse</strong></span> <span class='ocrx_word' id='word_1_97' title='bbox 561 1255 768 1331; x_wconf 83' lang='lat' dir='ltr'><strong>perturbatam,</strong></span> <span class='ocrx_word' id='word_1_98' title='bbox 784 1274 877 1331; x_wconf 92' lang='lat' dir='ltr'><strong>neque</strong></span> <span class='ocrx_word' id='word_1_99' title='bbox 892 1258 946 1314; x_wconf 90' lang='lat' dir='ltr'><strong>sibi</strong></span> <span class='ocrx_word' id='word_1_100' title='bbox 971 1259 1035 1317; x_wconf 92' lang='lat' dir='ltr'><strong>dari</strong></span> <span class='ocrx_word' id='word_1_101' title='bbox 1050 1260 1089 1317; x_wconf 81' lang='lat' dir='ltr'><strong>ia·</strong></span> 
     </span>
     <span class='ocr_line' id='line_1_14' title="bbox 182 1332 1089 1413; baseline 0.004 -22"><span class='ocrx_word' id='word_1_102' title='bbox 182 1334 319 1391; x_wconf 87' lang='lat' dir='ltr'><strong>cultatem</strong></span> <span class='ocrx_word' id='word_1_103' title='bbox 336 1353 386 1409; x_wconf 94' lang='lat' dir='ltr'><strong>pro</strong></span> <span class='ocrx_word' id='word_1_104' title='bbox 408 1333 545 1408; x_wconf 84' lang='lat' dir='ltr'><strong>dignitate</strong></span> <span class='ocrx_word' id='word_1_105' title='bbox 563 1332 687 1400; x_wconf 92' lang='lat' dir='ltr'><strong>vivendi,</strong></span> <span class='ocrx_word' id='word_1_106' title='bbox 703 1334 774 1407; x_wconf 92' lang='lat' dir='ltr'><strong>quin</strong></span> <span class='ocrx_word' id='word_1_107' title='bbox 795 1334 965 1393; x_wconf 89' lang='lat' dir='ltr'><strong>alterutram</strong></span> <span class='ocrx_word' id='word_1_108' title='bbox 980 1350 1089 1413; x_wconf 88' lang='lat' dir='ltr'><strong>partem</strong></span> 
     </span>
     <span class='ocr_line' id='line_1_15' title="bbox 181 1412 1087 1487; baseline 0.006 -19"><span class='ocrx_word' id='word_1_109' title='bbox 181 1412 346 1481; x_wconf 87' lang='lat' dir='ltr'><strong>offenderet,</strong></span> <span class='ocrx_word' id='word_1_110' title='bbox 357 1412 517 1468; x_wconf 92' lang='lat' dir='ltr'><strong>dissociatis</strong></span> <span class='ocrx_word' id='word_1_111' title='bbox 532 1412 636 1467; x_wconf 90' lang='lat' dir='ltr'><strong>animis</strong></span> <span class='ocrx_word' id='word_1_112' title='bbox 651 1412 768 1477; x_wconf 88' lang='lat' dir='ltr'><strong>civium,</strong></span> <span class='ocrx_word' id='word_1_113' title='bbox 779 1431 870 1486; x_wconf 91' lang='lat' dir='ltr'><strong>quum</strong></span> <span class='ocrx_word' id='word_1_114' title='bbox 886 1414 936 1470; x_wconf 91' lang='lat' dir='ltr'><strong>alii</strong></span> <span class='ocrx_word' id='word_1_115' title='bbox 950 1414 1087 1487; x_wconf 83' lang='lat' dir='ltr'><strong>Sullanis,</strong></span> 
     </span>
     <span class='ocr_line' id='line_1_16' title="bbox 182 1488 1089 1567; baseline 0.009 -22"><span class='ocrx_word' id='word_1_116' title='bbox 182 1490 234 1545; x_wconf 90' lang='lat' dir='ltr'><strong>alii</strong></span> <span class='ocrx_word' id='word_1_117' title='bbox 248 1490 388 1546; x_wconf 89' lang='lat' dir='ltr'><strong>Cinnanis</strong></span> <span class='ocrx_word' id='word_1_118' title='bbox 404 1488 535 1546; x_wconf 82' lang='lat' dir='ltr'><strong>faverent</strong></span> <span class='ocrx_word' id='word_1_119' title='bbox 555 1491 701 1564; x_wconf 88' lang='lat' dir='ltr'><strong>partibus:</strong></span> <span class='ocrx_word' id='word_1_120' title='bbox 723 1489 857 1546; x_wconf 88' lang='lat' dir='ltr'><strong>idoneum</strong></span> <span class='ocrx_word' id='word_1_121' title='bbox 882 1500 997 1567; x_wconf 87' lang='lat' dir='ltr'><strong>tempus</strong></span> <span class='ocrx_word' id='word_1_122' title='bbox 1011 1506 1089 1553; x_wconf 86' lang='lat' dir='ltr'><strong>ratus</strong></span> 
     </span>
     <span class='ocr_line' id='line_1_17' title="bbox 182 1568 1088 1646; baseline 0.008 -22"><span class='ocrx_word' id='word_1_123' title='bbox 182 1568 284 1624; x_wconf 89' lang='lat' dir='ltr'><strong>studiis</strong></span> <span class='ocrx_word' id='word_1_124' title='bbox 299 1568 473 1642; x_wconf 87' lang='lat' dir='ltr'><strong>obsequendi</strong></span> <span class='ocrx_word' id='word_1_125' title='bbox 488 1569 557 1634; x_wconf 86' lang='lat' dir='ltr'><strong>suis,</strong></span> <span class='ocrx_word' id='word_1_126' title='bbox 571 1568 703 1623; x_wconf 86' lang='lat' dir='ltr'><strong>Athenas</strong></span> <span class='ocrx_word' id='word_1_127' title='bbox 717 1586 748 1623; x_wconf 91' lang='lat' dir='ltr'><strong>se</strong></span> <span class='ocrx_word' id='word_1_128' title='bbox 763 1569 893 1625; x_wconf 86' lang='lat' dir='ltr'><strong>contulit.</strong></span> <span class='ocrx_word' id='word_1_129' title='bbox 935 1570 1041 1646; x_wconf 87' lang='lat' dir='ltr'><strong>Neque</strong></span> <span class='ocrx_word' id='word_1_130' title='bbox 1055 1592 1088 1631; x_wconf 88' lang='lat' dir='ltr'><strong>eo</strong></span> 
     </span>
     <span class='ocr_line' id='line_1_18' title="bbox 183 1645 1089 1725; baseline 0.007 -23"><span class='ocrx_word' id='word_1_131' title='bbox 183 1647 280 1702; x_wconf 87' lang='lat' dir='ltr'><strong>secius</strong></span> <span class='ocrx_word' id='word_1_132' title='bbox 303 1646 513 1702; x_wconf 83' lang='lat' dir='ltr'><strong>adolescentem</strong></span> <span class='ocrx_word' id='word_1_133' title='bbox 537 1645 670 1713; x_wconf 87' lang='lat' dir='ltr'><strong>Marium,</strong></span> <span class='ocrx_word' id='word_1_134' title='bbox 693 1646 801 1702; x_wconf 90' lang='lat' dir='ltr'><strong>hostem</strong></span> <span class='ocrx_word' id='word_1_135' title='bbox 823 1646 996 1721; x_wconf 81' lang='lat' dir='ltr'><strong>judicatum,</strong></span> <span class='ocrx_word' id='word_1_136' title='bbox 1014 1651 1089 1725; x_wconf 88' lang='lat' dir='ltr'><strong>juvit</strong></span> 
     </span>
    </p>

    <p class='ocr_par' dir='ltr' id='par_1_6' title="bbox 143 1723 1113 2028">
     <span class='ocr_line' id='line_1_19' title="bbox 143 1723 1088 1800; baseline 0.01 -22"><span class='ocrx_word' id='word_1_137' title='bbox 143 1724 161 1777; x_wconf 81' lang='lat'><strong>3</strong></span> <span class='ocrx_word' id='word_1_138' title='bbox 182 1725 283 1798; x_wconf 92' lang='lat' dir='ltr'><strong>opibus</strong></span> <span class='ocrx_word' id='word_1_139' title='bbox 297 1725 376 1794; x_wconf 81' lang='lat' dir='ltr'><strong>suis3</strong></span> <span class='ocrx_word' id='word_1_140' title='bbox 400 1724 485 1798; x_wconf 88' lang='lat' dir='ltr'><strong>cujus</strong></span> <span class='ocrx_word' id='word_1_141' title='bbox 507 1723 607 1800; x_wconf 86' lang='lat' dir='ltr'><strong>fugam</strong></span> <span class='ocrx_word' id='word_1_142' title='bbox 628 1725 752 1799; x_wconf 87' lang='lat' dir='ltr'><strong>pecunia</strong></span> <span class='ocrx_word' id='word_1_143' title='bbox 767 1725 939 1782; x_wconf 87' lang='lat' dir='ltr'><strong>sublevavit.</strong></span> <span class='ocrx_word' id='word_1_144' title='bbox 981 1728 1038 1798; x_wconf 90' lang='lat' dir='ltr'><strong>Ao,</strong></span> <span class='ocrx_word' id='word_1_145' title='bbox 1053 1748 1088 1787; x_wconf 89' lang='lat' dir='ltr'><strong>ne</strong></span> 
     </span>
     <span class='ocr_line' id='line_1_20' title="bbox 181 1802 1113 1879; baseline 0.008 -21"><span class='ocrx_word' id='word_1_146' title='bbox 181 1803 232 1858; x_wconf 91' lang='lat' dir='ltr'><strong>illa</strong></span> <span class='ocrx_word' id='word_1_147' title='bbox 246 1803 437 1879; x_wconf 86' lang='lat' dir='ltr'><strong>peregrinatio</strong></span> <span class='ocrx_word' id='word_1_148' title='bbox 452 1802 653 1859; x_wconf 89' lang='lat' dir='ltr'><strong>detrimentum</strong></span> <span class='ocrx_word' id='word_1_149' title='bbox 669 1803 783 1877; x_wconf 91' lang='lat' dir='ltr'><strong>aliquod</strong></span> <span class='ocrx_word' id='word_1_150' title='bbox 798 1802 914 1861; x_wconf 85' lang='lat' dir='ltr'><strong>afferret</strong></span> <span class='ocrx_word' id='word_1_151' title='bbox 928 1806 970 1861; x_wconf 90' lang='lat' dir='ltr'><strong>rei</strong></span> <span class='ocrx_word' id='word_1_152' title='bbox 985 1805 1087 1865; x_wconf 83' lang='lat' dir='ltr'><strong>famili·</strong></span> <span class='ocrx_word' id='word_1_153' title='bbox 1103 1843 1113 1851; x_wconf 95' lang='lat'><em>-</em></span> 
     </span>
     <span class='ocr_line' id='line_1_21' title="bbox 182 1880 1086 1957; baseline 0.008 -21"><span class='ocrx_word' id='word_1_154' title='bbox 182 1882 234 1948; x_wconf 89' lang='lat' dir='ltr'><strong>ari,</strong></span> <span class='ocrx_word' id='word_1_155' title='bbox 247 1881 346 1938; x_wconf 89' lang='lat' dir='ltr'><strong>eodem</strong></span> <span class='ocrx_word' id='word_1_156' title='bbox 362 1899 497 1957; x_wconf 85' lang='lat' dir='ltr'><strong>magnam</strong></span> <span class='ocrx_word' id='word_1_157' title='bbox 513 1891 622 1956; x_wconf 90' lang='lat' dir='ltr'><strong>partem</strong></span> <span class='ocrx_word' id='word_1_158' title='bbox 638 1880 817 1937; x_wconf 88' lang='lat' dir='ltr'><strong>fortunarum</strong></span> <span class='ocrx_word' id='word_1_159' title='bbox 828 1881 940 1955; x_wconf 88' lang='lat' dir='ltr'><strong>trajecit</strong></span> <span class='ocrx_word' id='word_1_160' title='bbox 956 1903 1086 1943; x_wconf 86' lang='lat' dir='ltr'><strong>suarum.</strong></span> 
     </span>
     <span class='ocr_line' id='line_1_22' title="bbox 183 1958 1088 2028; baseline 0.008 -14"><span class='ocrx_word' id='word_1_161' title='bbox 183 1958 241 2015; x_wconf 92' lang='lat' dir='ltr'><strong>Hic</strong></span> <span class='ocrx_word' id='word_1_162' title='bbox 266 1961 306 2015; x_wconf 91' lang='lat' dir='ltr'><strong>ita</strong></span> <span class='ocrx_word' id='word_1_163' title='bbox 321 1961 400 2028; x_wconf 91' lang='lat' dir='ltr'><strong>vixit,</strong></span> <span class='ocrx_word' id='word_1_164' title='bbox 423 1968 454 2015; x_wconf 87' lang='lat' dir='ltr'><strong>ut</strong></span> <span class='ocrx_word' id='word_1_165' title='bbox 475 1959 617 2015; x_wconf 87' lang='lat' dir='ltr'><strong>universis</strong></span> <span class='ocrx_word' id='word_1_166' title='bbox 640 1958 867 2016; x_wconf 87' lang='lat' dir='ltr'><strong>Atheniensibus</strong></span> <span class='ocrx_word' id='word_1_167' title='bbox 889 1963 991 2019; x_wconf 89' lang='lat' dir='ltr'><strong>merito</strong></span> <span class='ocrx_word' id='word_1_168' title='bbox 1016 1972 1088 2021; x_wconf 89' lang='lat' dir='ltr'><strong>esset</strong></span> 
     </span>
    </p>

    <p class='ocr_par' dir='ltr' id='par_1_7' title="bbox 143 2035 1087 2503">
     <span class='ocr_line' id='line_1_23' title="bbox 143 2035 1086 2114; baseline 0.013 -27"><span class='ocrx_word' id='word_1_169' title='bbox 143 2035 161 2087; x_wconf 88' lang='grc'>4</span> <span class='ocrx_word' id='word_1_170' title='bbox 183 2038 359 2093; x_wconf 89' lang='lat' dir='ltr'><strong>carissimus.</strong></span> <span class='ocrx_word' id='word_1_171' title='bbox 403 2038 481 2093; x_wconf 90' lang='lat' dir='ltr'><strong>Nam</strong></span> <span class='ocrx_word' id='word_1_172' title='bbox 505 2050 609 2112; x_wconf 82' lang='lat' dir='ltr'><strong>praeter</strong></span> <span class='ocrx_word' id='word_1_173' title='bbox 622 2038 756 2114; x_wconf 85' lang='lat' dir='ltr'><strong>gratiam,</strong></span> <span class='ocrx_word' id='word_1_174' title='bbox 773 2057 838 2112; x_wconf 87' lang='lat' dir='ltr'><strong>quae</strong></span> <span class='ocrx_word' id='word_1_175' title='bbox 859 2038 920 2112; x_wconf 90' lang='lat' dir='ltr'><strong>jam</strong></span> <span class='ocrx_word' id='word_1_176' title='bbox 935 2040 964 2095; x_wconf 94' lang='lat' dir='ltr'><strong>in</strong></span> <span class='ocrx_word' id='word_1_177' title='bbox 980 2041 1086 2098; x_wconf 86' lang='lat' dir='ltr'><strong>adoles-</strong></span> 
     </span>
     <span class='ocr_line' id='line_1_24' title="bbox 181 2115 1087 2193; baseline 0.009 -24"><span class='ocrx_word' id='word_1_178' title='bbox 181 2115 298 2170; x_wconf 90' lang='lat' dir='ltr'><strong>centulo</strong></span> <span class='ocrx_word' id='word_1_179' title='bbox 321 2133 427 2189; x_wconf 86' lang='lat' dir='ltr'><strong>magna</strong></span> <span class='ocrx_word' id='word_1_180' title='bbox 449 2126 520 2182; x_wconf 88' lang='lat' dir='ltr'><strong>erat,</strong></span> <span class='ocrx_word' id='word_1_181' title='bbox 536 2134 611 2190; x_wconf 89' lang='lat' dir='ltr'><strong>saepe</strong></span> <span class='ocrx_word' id='word_1_182' title='bbox 634 2117 694 2171; x_wconf 89' lang='lat' dir='ltr'><strong>sais</strong></span> <span class='ocrx_word' id='word_1_183' title='bbox 718 2116 818 2191; x_wconf 90' lang='lat' dir='ltr'><strong>opibus</strong></span> <span class='ocrx_word' id='word_1_184' title='bbox 839 2116 966 2193; x_wconf 91' lang='lat' dir='ltr'><strong>inopiam</strong></span> <span class='ocrx_word' id='word_1_185' title='bbox 988 2138 1087 2177; x_wconf 88' lang='lat' dir='ltr'><strong>eorum</strong></span> 
     </span>
     <span class='ocr_line' id='line_1_25' title="bbox 181 2192 1086 2271; baseline 0.011 -27"><span class='ocrx_word' id='word_1_186' title='bbox 181 2192 326 2265; x_wconf 91' lang='lat' dir='ltr'><strong>publicam</strong></span> <span class='ocrx_word' id='word_1_187' title='bbox 341 2192 457 2248; x_wconf 89' lang='lat' dir='ltr'><strong>levavit.</strong></span> <span class='ocrx_word' id='word_1_188' title='bbox 484 2193 584 2256; x_wconf 79' lang='lat' dir='ltr'><strong>Quum</strong></span> <span class='ocrx_word' id='word_1_189' title='bbox 601 2195 679 2249; x_wconf 91' lang='lat' dir='ltr'><strong>enim</strong></span> <span class='ocrx_word' id='word_1_190' title='bbox 695 2212 845 2250; x_wconf 88' lang='lat' dir='ltr'><strong>versuram</strong></span> <span class='ocrx_word' id='word_1_191' title='bbox 861 2192 958 2252; x_wconf 80' lang='lat' dir='ltr'><strong>iacere</strong></span> <span class='ocrx_word' id='word_1_192' title='bbox 973 2198 1086 2271; x_wconf 89' lang='lat' dir='ltr'><strong>publico</strong></span> 
     </span>
     <span class='ocr_line' id='line_1_26' title="bbox 180 2270 1084 2348; baseline 0.011 -26"><span class='ocrx_word' id='word_1_193' title='bbox 180 2285 298 2323; x_wconf 91' lang='lat' dir='ltr'><strong>neeesse</strong></span> <span class='ocrx_word' id='word_1_194' title='bbox 313 2280 398 2336; x_wconf 87' lang='lat' dir='ltr'><strong>esset,</strong></span> <span class='ocrx_word' id='word_1_195' title='bbox 415 2288 506 2343; x_wconf 90' lang='lat' dir='ltr'><strong>neque</strong></span> <span class='ocrx_word' id='word_1_196' title='bbox 519 2270 581 2342; x_wconf 88' lang='lat' dir='ltr'><strong>ejus</strong></span> <span class='ocrx_word' id='word_1_197' title='bbox 596 2272 786 2328; x_wconf 89' lang='lat' dir='ltr'><strong>conditionem</strong></span> <span class='ocrx_word' id='word_1_198' title='bbox 798 2291 911 2347; x_wconf 87' lang='lat' dir='ltr'><strong>aequam</strong></span> <span class='ocrx_word' id='word_1_199' title='bbox 927 2274 1066 2333; x_wconf 86' lang='lat' dir='ltr'><strong>baberent</strong></span> <span class='ocrx_word' id='word_1_200' title='bbox 1075 2295 1084 2348; x_wconf 72' lang='grc' dir='ltr'><strong><em>ς</em></strong></span> 
     </span>
     <span class='ocr_line' id='line_1_27' title="bbox 180 2347 1085 2425; baseline 0.012 -27"><span class='ocrx_word' id='word_1_201' title='bbox 180 2364 294 2419; x_wconf 91' lang='lat' dir='ltr'><strong>semper</strong></span> <span class='ocrx_word' id='word_1_202' title='bbox 308 2365 338 2401; x_wconf 89' lang='lat' dir='ltr'><strong>se</strong></span> <span class='ocrx_word' id='word_1_203' title='bbox 355 2347 530 2421; x_wconf 86' lang='lat' dir='ltr'><strong>interposuit,</strong></span> <span class='ocrx_word' id='word_1_204' title='bbox 547 2359 633 2422; x_wconf 89' lang='lat' dir='ltr'><strong>atque</strong></span> <span class='ocrx_word' id='word_1_205' title='bbox 648 2351 698 2417; x_wconf 91' lang='lat' dir='ltr'><strong>ita,</strong></span> <span class='ocrx_word' id='word_1_206' title='bbox 715 2361 745 2406; x_wconf 94' lang='lat' dir='ltr'><strong>ut</strong></span> <span class='ocrx_word' id='word_1_207' title='bbox 766 2369 859 2425; x_wconf 92' lang='lat' dir='ltr'><strong>neque</strong></span> <span class='ocrx_word' id='word_1_208' title='bbox 883 2370 1002 2408; x_wconf 89' lang='lat' dir='ltr'><strong>usuram</strong></span> <span class='ocrx_word' id='word_1_209' title='bbox 1027 2373 1085 2411; x_wconf 90' lang='lat' dir='ltr'><strong>um-</strong></span> 
     </span>
     <span class='ocr_line' id='line_1_28' title="bbox 180 2423 1084 2503; baseline 0.014 -28"><span class='ocrx_word' id='word_1_210' title='bbox 180 2440 266 2495; x_wconf 91' lang='lat' dir='ltr'><strong>quam</strong></span> <span class='ocrx_word' id='word_1_211' title='bbox 283 2424 319 2479; x_wconf 95' lang='lat' dir='ltr'><strong>ab</strong></span> <span class='ocrx_word' id='word_1_212' title='bbox 344 2423 379 2479; x_wconf 91' lang='lat' dir='ltr'><strong>iis</strong></span> <span class='ocrx_word' id='word_1_213' title='bbox 394 2427 546 2500; x_wconf 89' lang='lat' dir='ltr'><strong>acceperit,</strong></span> <span class='ocrx_word' id='word_1_214' title='bbox 562 2445 656 2500; x_wconf 90' lang='lat' dir='ltr'><strong>neque</strong></span> <span class='ocrx_word' id='word_1_215' title='bbox 680 2428 802 2503; x_wconf 85' lang='lat' dir='ltr'><strong>longius,</strong></span> <span class='ocrx_word' id='word_1_216' title='bbox 817 2448 904 2503; x_wconf 90' lang='lat' dir='ltr'><strong>quam</strong></span> <span class='ocrx_word' id='word_1_217' title='bbox 920 2430 1030 2487; x_wconf 91' lang='lat' dir='ltr'><strong>dictum</strong></span> <span class='ocrx_word' id='word_1_218' title='bbox 1044 2452 1084 2489; x_wconf 90' lang='lat' dir='ltr'><strong>es-</strong></span> 
     </span>
    </p>

    <p class='ocr_par' dir='ltr' id='par_1_8' title="bbox 140 2495 1158 2737">
     <span class='ocr_line' id='line_1_29' title="bbox 140 2495 1158 2582; baseline 0.015 -29"><span class='ocrx_word' id='word_1_219' title='bbox 140 2495 159 2547; x_wconf 91' lang='lat'>5</span> <span class='ocrx_word' id='word_1_220' title='bbox 180 2510 231 2566; x_wconf 91' lang='lat' dir='ltr'><strong>set,</strong></span> <span class='ocrx_word' id='word_1_221' title='bbox 248 2500 323 2577; x_wconf 88' lang='lat' dir='ltr'><strong>[eos]</strong></span> <span class='ocrx_word' id='word_1_222' title='bbox 348 2501 452 2559; x_wconf 85' lang='lat' dir='ltr'><strong>debere</strong></span> <span class='ocrx_word' id='word_1_223' title='bbox 476 2523 577 2579; x_wconf 88' lang='lat' dir='ltr'><strong>passus</strong></span> <span class='ocrx_word' id='word_1_224' title='bbox 598 2506 643 2560; x_wconf 92' lang='lat' dir='ltr'><strong>sit.</strong></span> <span class='ocrx_word' id='word_1_225' title='bbox 687 2506 771 2570; x_wconf 80' lang='lat' dir='ltr'><strong>Quod</strong></span> <span class='ocrx_word' id='word_1_226' title='bbox 795 2519 950 2582; x_wconf 90' lang='lat' dir='ltr'><strong>utrumque</strong></span> <span class='ocrx_word' id='word_1_227' title='bbox 965 2521 1028 2566; x_wconf 90' lang='lat' dir='ltr'><strong>erat</strong></span> <span class='ocrx_word' id='word_1_228' title='bbox 1051 2511 1085 2567; x_wconf 88' lang='lat' dir='ltr'><strong>iis</strong></span> <span class='ocrx_word' id='word_1_229' title='bbox 1155 2528 1158 2535; x_wconf 94' lang='grc'><strong><em>·</em></strong></span> 
     </span>
     <span class='ocr_line' id='line_1_30' title="bbox 179 2577 1084 2659; baseline 0.014 -28"><span class='ocrx_word' id='word_1_230' title='bbox 179 2577 316 2635; x_wconf 86' lang='lat' dir='ltr'><strong>salutaro.</strong></span> <span class='ocrx_word' id='word_1_231' title='bbox 359 2581 437 2637; x_wconf 92' lang='lat' dir='ltr'><strong>Nam</strong></span> <span class='ocrx_word' id='word_1_232' title='bbox 453 2601 545 2657; x_wconf 88' lang='lat' dir='ltr'><strong>neque</strong></span> <span class='ocrx_word' id='word_1_233' title='bbox 566 2583 741 2659; x_wconf 86' lang='lat' dir='ltr'><strong>indulgendo</strong></span> <span class='ocrx_word' id='word_1_234' title='bbox 761 2586 971 2644; x_wconf 89' lang='lat' dir='ltr'><strong>inveterascere</strong></span> <span class='ocrx_word' id='word_1_235' title='bbox 987 2607 1084 2645; x_wconf 87' lang='lat' dir='ltr'><strong>eorum</strong></span> 
     </span>
     <span class='ocr_line' id='line_1_31' title="bbox 180 2658 1083 2737; baseline 0.016 -28"><span class='ocrx_word' id='word_1_236' title='bbox 180 2673 219 2710; x_wconf 86' lang='lat' dir='ltr'><strong>oes</strong></span> <span class='ocrx_word' id='word_1_237' title='bbox 233 2658 358 2715; x_wconf 91' lang='lat' dir='ltr'><strong>alienum</strong></span> <span class='ocrx_word' id='word_1_238' title='bbox 373 2662 541 2735; x_wconf 86' lang='lat' dir='ltr'><strong>patiebatur,</strong></span> <span class='ocrx_word' id='word_1_239' title='bbox 552 2681 644 2735; x_wconf 90' lang='lat' dir='ltr'><strong>neque</strong></span> <span class='ocrx_word' id='word_1_240' title='bbox 660 2663 885 2737; x_wconf 87' lang='lat' dir='ltr'><strong>multiplicandis</strong></span> <span class='ocrx_word' id='word_1_241' title='bbox 901 2667 996 2723; x_wconf 89' lang='lat' dir='ltr'><strong>usuris</strong></span> <span class='ocrx_word' id='word_1_242' title='bbox 1010 2685 1083 2723; x_wconf 88' lang='lat' dir='ltr'><strong>cres·</strong></span> 
     </span>
    </p>

    <p class='ocr_par' dir='ltr' id='par_1_9' title="bbox 140 2731 1084 3038">
     <span class='ocr_line' id='line_1_32' title="bbox 140 2731 1084 2814; baseline 0.015 -26"><span class='ocrx_word' id='word_1_243' title='bbox 140 2731 158 2783; x_wconf 87' lang='grc'>6</span> <span class='ocrx_word' id='word_1_244' title='bbox 179 2752 255 2790; x_wconf 86' lang='lat' dir='ltr'><strong>cere.</strong></span> <span class='ocrx_word' id='word_1_245' title='bbox 288 2737 380 2794; x_wconf 87' lang='lat' dir='ltr'><strong>Auxit</strong></span> <span class='ocrx_word' id='word_1_246' title='bbox 393 2739 445 2795; x_wconf 90' lang='lat' dir='ltr'><strong>boe</strong></span> <span class='ocrx_word' id='word_1_247' title='bbox 460 2739 587 2795; x_wconf 85' lang='lat' dir='ltr'><strong>officium</strong></span> <span class='ocrx_word' id='word_1_248' title='bbox 603 2741 660 2796; x_wconf 88' lang='lat' dir='ltr'><strong>aliu</strong></span> <span class='ocrx_word' id='word_1_249' title='bbox 673 2760 786 2814; x_wconf 89' lang='lat' dir='ltr'><strong>quoque</strong></span> <span class='ocrx_word' id='word_1_250' title='bbox 802 2742 983 2800; x_wconf 91' lang='lat' dir='ltr'><strong>liberalitate.</strong></span> <span class='ocrx_word' id='word_1_251' title='bbox 1000 2745 1084 2801; x_wconf 84' lang='lat' dir='ltr'><strong>&#39;Nam</strong></span> 
     </span>
     <span class='ocr_line' id='line_1_33' title="bbox 179 2814 1083 2895; baseline 0.015 -30"><span class='ocrx_word' id='word_1_252' title='bbox 179 2814 328 2870; x_wconf 89' lang='lat' dir='ltr'><strong>universos</strong></span> <span class='ocrx_word' id='word_1_253' title='bbox 344 2814 485 2872; x_wconf 86' lang='lat' dir='ltr'><strong>frumento</strong></span> <span class='ocrx_word' id='word_1_254' title='bbox 500 2817 624 2885; x_wconf 87' lang='lat' dir='ltr'><strong>donavit,</strong></span> <span class='ocrx_word' id='word_1_255' title='bbox 640 2819 678 2874; x_wconf 90' lang='lat' dir='ltr'><strong>ita</strong></span> <span class='ocrx_word' id='word_1_256' title='bbox 695 2829 725 2874; x_wconf 93' lang='lat' dir='ltr'><strong>ut</strong></span> <span class='ocrx_word' id='word_1_257' title='bbox 739 2819 861 2895; x_wconf 84' lang='lat' dir='ltr'><strong>singulis</strong></span> <span class='ocrx_word' id='word_1_258' title='bbox 876 2832 984 2895; x_wconf 90' lang='lat' dir='ltr'><strong>septem</strong></span> <span class='ocrx_word' id='word_1_259' title='bbox 1001 2823 1083 2879; x_wconf 92' lang='lat' dir='ltr'><strong>modii</strong></span> 
     </span>
     <span class='ocr_line' id='line_1_34' title="bbox 180 2890 1083 2967; baseline 0.018 -25"><span class='ocrx_word' id='word_1_260' title='bbox 180 2890 266 2944; x_wconf 89' lang='lat' dir='ltr'><strong>tritici</strong></span> <span class='ocrx_word' id='word_1_261' title='bbox 282 2890 435 2949; x_wconf 88' lang='lat' dir='ltr'><strong>darentur:</strong></span> <span class='ocrx_word' id='word_1_262' title='bbox 457 2895 506 2967; x_wconf 93' lang='lat' dir='ltr'><strong>qui</strong></span> <span class='ocrx_word' id='word_1_263' title='bbox 519 2895 618 2951; x_wconf 90' lang='lat' dir='ltr'><strong>modus</strong></span> <span class='ocrx_word' id='word_1_264' title='bbox 633 2915 776 2954; x_wconf 87' lang='lat' dir='ltr'><strong>mensurae</strong></span> <span class='ocrx_word' id='word_1_265' title='bbox 791 2897 953 2955; x_wconf 88' lang='lat' dir='ltr'><strong>medimnus</strong></span> <span class='ocrx_word' id='word_1_266' title='bbox 962 2900 1083 2958; x_wconf 89' lang='lat' dir='ltr'><strong>Athenis</strong></span> 
     </span>
     <span class='ocr_line' id='line_1_35' title="bbox 181 2966 352 3038; baseline 0.018 -20"><span class='ocrx_word' id='word_1_267' title='bbox 181 2966 352 3038; x_wconf 83' lang='lat' dir='ltr'><strong>appellatur.</strong></span> 
     </span>
    </p>

    <p class='ocr_par' dir='ltr' id='par_1_10' title="bbox 141 3040 1082 3430">
     <span class='ocr_line' id='line_1_36' title="bbox 141 3040 1082 3124; baseline 0.016 -26"><span class='ocrx_word' id='word_1_268' title='bbox 141 3045 155 3098; x_wconf 97' lang='lat'>1</span> <span class='ocrx_word' id='word_1_269' title='bbox 219 3041 270 3097; x_wconf 91' lang='lat' dir='ltr'><strong>lll.</strong></span> <span class='ocrx_word' id='word_1_270' title='bbox 293 3040 351 3098; x_wconf 91' lang='lat' dir='ltr'><strong>Hic</strong></span> <span class='ocrx_word' id='word_1_271' title='bbox 371 3055 468 3100; x_wconf 89' lang='lat' dir='ltr'><strong>autern</strong></span> <span class='ocrx_word' id='word_1_272' title='bbox 483 3047 526 3101; x_wconf 93' lang='lat' dir='ltr'><strong>sic</strong></span> <span class='ocrx_word' id='word_1_273' title='bbox 540 3067 570 3103; x_wconf 89' lang='lat' dir='ltr'><strong>se</strong></span> <span class='ocrx_word' id='word_1_274' title='bbox 585 3051 712 3124; x_wconf 86' lang='lat' dir='ltr'><strong>gerebat,</strong></span> <span class='ocrx_word' id='word_1_275' title='bbox 729 3062 760 3109; x_wconf 88' lang='lat' dir='ltr'><strong>ut</strong></span> <span class='ocrx_word' id='word_1_276' title='bbox 784 3055 946 3111; x_wconf 90' lang='lat' dir='ltr'><strong>communis</strong></span> <span class='ocrx_word' id='word_1_277' title='bbox 968 3056 1082 3124; x_wconf 90' lang='lat' dir='ltr'><strong>infimis,</strong></span> 
     </span>
     <span class='ocr_line' id='line_1_37' title="bbox 178 3120 1082 3201; baseline 0.023 -31"><span class='ocrx_word' id='word_1_278' title='bbox 178 3135 230 3191; x_wconf 90' lang='lat' dir='ltr'><strong>par</strong></span> <span class='ocrx_word' id='word_1_279' title='bbox 258 3120 434 3193; x_wconf 88' lang='lat' dir='ltr'><strong>principibus</strong></span> <span class='ocrx_word' id='word_1_280' title='bbox 458 3123 613 3180; x_wconf 84' lang='lat' dir='ltr'><strong>videretur.</strong></span> <span class='ocrx_word' id='word_1_281' title='bbox 661 3131 728 3195; x_wconf 87' lang='lat' dir='ltr'><strong>Quo</strong></span> <span class='ocrx_word' id='word_1_282' title='bbox 749 3129 858 3188; x_wconf 87' lang='lat' dir='ltr'><strong>factum</strong></span> <span class='ocrx_word' id='word_1_283' title='bbox 884 3141 935 3201; x_wconf 93' lang='lat' dir='ltr'><strong>est,</strong></span> <span class='ocrx_word' id='word_1_284' title='bbox 960 3145 991 3190; x_wconf 89' lang='lat' dir='ltr'><strong>ut</strong></span> <span class='ocrx_word' id='word_1_285' title='bbox 1016 3135 1082 3191; x_wconf 91' lang='lat' dir='ltr'><strong>huic</strong></span> 
     </span>
     <span class='ocr_line' id='line_1_38' title="bbox 177 3195 1081 3285; baseline 0.019 -35"><span class='ocrx_word' id='word_1_286' title='bbox 177 3212 275 3250; x_wconf 88' lang='lat' dir='ltr'><strong>omnes</strong></span> <span class='ocrx_word' id='word_1_287' title='bbox 290 3195 418 3267; x_wconf 85' lang='lat' dir='ltr'><strong>honores,</strong></span> <span class='ocrx_word' id='word_1_288' title='bbox 429 3219 500 3274; x_wconf 93' lang='lat' dir='ltr'><strong>quos</strong></span> <span class='ocrx_word' id='word_1_289' title='bbox 515 3214 636 3276; x_wconf 89' lang='lat' dir='ltr'><strong>possent,</strong></span> <span class='ocrx_word' id='word_1_290' title='bbox 647 3209 759 3280; x_wconf 90' lang='lat' dir='ltr'><strong>publice</strong></span> <span class='ocrx_word' id='word_1_291' title='bbox 775 3210 921 3277; x_wconf 88' lang='lat' dir='ltr'><strong>haberent,</strong></span> <span class='ocrx_word' id='word_1_292' title='bbox 932 3211 1081 3285; x_wconf 88' lang='lat' dir='ltr'><strong>civemque</strong></span> 
     </span>
     <span class='ocr_line' id='line_1_39' title="bbox 179 3269 1081 3364; baseline 0.021 -38"><span class='ocrx_word' id='word_1_293' title='bbox 179 3269 276 3328; x_wconf 83' lang='lat' dir='ltr'><strong>facere</strong></span> <span class='ocrx_word' id='word_1_294' title='bbox 293 3274 456 3333; x_wconf 88' lang='lat' dir='ltr'><strong>studerent:</strong></span> <span class='ocrx_word' id='word_1_295' title='bbox 478 3298 535 3353; x_wconf 94' lang='lat' dir='ltr'><strong>quo</strong></span> <span class='ocrx_word' id='word_1_296' title='bbox 551 3281 689 3340; x_wconf 82' lang='lat' dir='ltr'><strong>beneficio</strong></span> <span class='ocrx_word' id='word_1_297' title='bbox 704 3285 752 3341; x_wconf 90' lang='lat' dir='ltr'><strong>ille</strong></span> <span class='ocrx_word' id='word_1_298' title='bbox 776 3289 816 3344; x_wconf 88' lang='lat' dir='ltr'><strong>uti</strong></span> <span class='ocrx_word' id='word_1_299' title='bbox 831 3288 932 3344; x_wconf 90' lang='lat' dir='ltr'><strong>noluit.</strong></span> <span class='ocrx_word' id='word_1_300' title='bbox 984 3288 1081 3364; x_wconf 85' lang='lat' dir='ltr'><strong>[Quod</strong></span> 
     </span>
     <span class='ocr_line' id='line_1_40' title="bbox 177 3350 1081 3430; baseline 0.022 -28"><span class='ocrx_word' id='word_1_301' title='bbox 177 3350 307 3405; x_wconf 91' lang='lat' dir='ltr'><strong>nonnulli</strong></span> <span class='ocrx_word' id='word_1_302' title='bbox 332 3353 371 3408; x_wconf 90' lang='lat' dir='ltr'><strong>ita</strong></span> <span class='ocrx_word' id='word_1_303' title='bbox 396 3355 627 3430; x_wconf 87' lang='lat' dir='ltr'><strong>interpretantur,</strong></span> <span class='ocrx_word' id='word_1_304' title='bbox 644 3363 734 3418; x_wconf 91' lang='lat' dir='ltr'><strong>amitti</strong></span> <span class='ocrx_word' id='word_1_305' title='bbox 756 3366 902 3421; x_wconf 88' lang='lat' dir='ltr'><strong>civitatem</strong></span> <span class='ocrx_word' id='word_1_306' title='bbox 920 3365 1081 3424; x_wconf 89' lang='lat' dir='ltr'><strong>Romanam</strong></span> 
     </span>
    </p>

    <p class='ocr_par' dir='ltr' id='par_1_11' title="bbox 137 3427 1081 3673">
     <span class='ocr_line' id='line_1_41' title="bbox 137 3427 1080 3520; baseline 0.023 -40"><span class='ocrx_word' id='word_1_307' title='bbox 137 3430 157 3482; x_wconf 81' lang='lat'><strong>2</strong></span> <span class='ocrx_word' id='word_1_308' title='bbox 178 3427 235 3483; x_wconf 91' lang='lat' dir='ltr'><strong>alia</strong></span> <span class='ocrx_word' id='word_1_309' title='bbox 250 3427 385 3506; x_wconf 79' lang='lat' dir='ltr'><strong>adscita]</strong></span> <span class='ocrx_word' id='word_1_310' title='bbox 427 3433 576 3497; x_wconf 82' lang='lat' dir='ltr'><strong>Quamdiu</strong></span> <span class='ocrx_word' id='word_1_311' title='bbox 591 3437 681 3505; x_wconf 85' lang='lat' dir='ltr'><strong>affuit,</strong></span> <span class='ocrx_word' id='word_1_312' title='bbox 698 3458 733 3495; x_wconf 92' lang='lat' dir='ltr'><strong>ne</strong></span> <span class='ocrx_word' id='word_1_313' title='bbox 748 3444 873 3515; x_wconf 86' lang='lat' dir='ltr'><strong>quesibi</strong></span> <span class='ocrx_word' id='word_1_314' title='bbox 889 3453 984 3500; x_wconf 88' lang='lat' dir='ltr'><strong>statua</strong></span> <span class='ocrx_word' id='word_1_315' title='bbox 998 3463 1080 3520; x_wconf 88' lang='lat' dir='ltr'><strong>pone-</strong></span> 
     </span>
     <span class='ocr_line' id='line_1_42' title="bbox 176 3508 1080 3596; baseline 0.02 -37"><span class='ocrx_word' id='word_1_316' title='bbox 176 3515 264 3574; x_wconf 84' lang='lat' dir='ltr'><strong>retur,</strong></span> <span class='ocrx_word' id='word_1_317' title='bbox 291 3508 410 3581; x_wconf 83' lang='lat' dir='ltr'><strong>restitit3</strong></span> <span class='ocrx_word' id='word_1_318' title='bbox 447 3512 551 3569; x_wconf 90' lang='lat' dir='ltr'><strong>absens</strong></span> <span class='ocrx_word' id='word_1_319' title='bbox 578 3515 728 3588; x_wconf 89' lang='lat' dir='ltr'><strong>probibere</strong></span> <span class='ocrx_word' id='word_1_320' title='bbox 756 3537 812 3574; x_wconf 94' lang='lat' dir='ltr'><strong>non</strong></span> <span class='ocrx_word' id='word_1_321' title='bbox 841 3521 940 3594; x_wconf 91' lang='lat' dir='ltr'><strong>potuit.</strong></span> <span class='ocrx_word' id='word_1_322' title='bbox 982 3521 1080 3596; x_wconf 85' lang='lat' dir='ltr'><strong>Itaque</strong></span> 
     </span>
     <span class='ocr_line' id='line_1_43' title="bbox 176 3581 1081 3673; baseline 0.02 -34"><span class='ocrx_word' id='word_1_323' title='bbox 176 3581 286 3660; x_wconf 82' lang='lat' dir='ltr'><strong>aliquot</strong></span> <span class='ocrx_word' id='word_1_324' title='bbox 299 3584 353 3661; x_wconf 88' lang='lat' dir='ltr'><strong>ipsi</strong></span> <span class='ocrx_word' id='word_1_325' title='bbox 363 3597 392 3645; x_wconf 90' lang='lat' dir='ltr'><strong>et</strong></span> <span class='ocrx_word' id='word_1_326' title='bbox 406 3588 515 3646; x_wconf 77' lang='lat' dir='ltr'><strong>Phidiae</strong></span> <span class='ocrx_word' id='word_1_327' title='bbox 529 3591 600 3650; x_wconf 88' lang='lat' dir='ltr'><strong>locis</strong></span> <span class='ocrx_word' id='word_1_328' title='bbox 611 3595 798 3655; x_wconf 88' lang='lat' dir='ltr'><strong>sanctissimis</strong></span> <span class='ocrx_word' id='word_1_329' title='bbox 806 3609 982 3673; x_wconf 88' lang='lat' dir='ltr'><strong>posuerunt:</strong></span> <span class='ocrx_word' id='word_1_330' title='bbox 1004 3599 1081 3659; x_wconf 79' lang='lat' dir='ltr'><strong>hune</strong></span> 
     </span>
    </p>
   </div>
   <div class='ocr_carea' id='block_1_3' title="bbox 0 0 1242 4080">
    <p class='ocr_par' dir='ltr' id='par_1_12' title="bbox 0 0 1242 4080">
     <span class='ocr_line' id='line_1_44' title="bbox 0 0 1242 4080; baseline 0 3"><span class='ocrx_word' id='word_1_331' title='bbox 0 0 1242 4080; x_wconf 95' lang='lat' dir='ltr'><strong> </strong></span> 
     </span>
    </p>
   </div>
  </div>
 </body>
</html>
