2474 4080
195 232 233 290 18
437 228 480 290 II.
517 233 545 291 8.
583 229 846 309 (Themistocles.)

193 374 352 431 moniorum
366 375 494 431 accessit
495 394 604 450 ,penes
619 394 691 450 quos
706 394 846 433 summum
860 376 1011 450 imperium
1024 386 1094 446 erat,

195 461 279 525 atque
294 453 369 526 apud
389 472 440 509 eos
463 455 618 523 contendit,
634 456 707 511 salsa
728 455 775 511 his
790 475 858 511 esso
873 456 985 524 delata,
1007 475 1094 530 quare

195 549 305 604 aequum
317 550 394 600 esse,
406 531 511 588 illos
483 552 562 589 turos
577 499 666 590 bohos
677 535 847 610 nobilesque
860 534 970 590 mittere
974 535 1094 608 ,quibus

194 609 267 665 fides
290 609 452 697 haberetur,
467 612 516 686 qui
538 630 599 668 rem
622 614 821 687 explorarent;
842 613 953 668 interea
972 632 1004 669 se
1020 613 1095 668 obsi-

156 690 173 744 3
195 687 261 743 dem
288 689 454 745 retinerent
498 689 606 747 Gestus
632 702 677 747 est
701 692 729 748 ei
757 710 829 760 mos,
853 703 969 765 tresque
997 691 1095 765 legati,

194 766 284 823 suncti
298 768 417 824 summis
431 768 596 839 honoribus,
609 770 739 826 Athenas
750 771 833 826 missi
844 782 919 826 sunt.
962 770 1034 826 Cum
1049 768 1095 825 his

195 846 324 920 collegas
336 866 404 903 suos
416 814 655 905 Themistocles
644 849 732 923 Jussit
745 848 938 924 proficisci,
913 867 1014 922 eisque
1026 866 1096 922 prae·

195 923 275 992 dixit,
289 936 370 982 utne
385 925 464 1000 prius
483 926 767 983 Lacedaemoniorum
786 926 897 1000 legatos
913 927 1096 996 dimitterent,

154 1006 172 1058 4
194 1022 279 1092 quam
294 1004 357 1078 ipse
372 1014 452 1060 esset
465 1005 615 1061 remissus.
645 1005 710 1060 Hos
724 1016 874 1079 postquam
888 1003 1018 1060 Athenas
1032 1022 1097 1078 per·

194 1082 312 1138 venisse
326 1093 403 1138 ratus
419 1092 472 1151 ost,
487 1082 523 1138 ad
541 1082 634 1157 magis
635 1093 737 1138 tratum
751 1092 937 1156 senatumque
958 1082 1097 1138 Lacedrn·

193 1160 354 1216 moniorum
378 1159 456 1230 adiit,
472 1170 500 1216 et
521 1161 597 1235 apud
616 1179 667 1217 eos
692 1160 836 1218 liberrime
859 1160 1007 1235 professus
1025 1158 1094 1217 est:

194 1238 392 1295 Athenienses
411 1257 464 1294 suo
479 1239 611 1309 consilio,
625 1238 701 1314 quod
722 1239 864 1295 communi
882 1239 947 1313 juro
969 1238 1096 1312 gentium

195 1316 292 1373 facere
301 1328 430 1391 possent,
439 1317 510 1372 deos
519 1319 660 1391 publicos,
670 1335 796 1391 suosque
805 1318 912 1391 patrios
923 1336 956 1372 uc
966 1327 1096 1391 penates,

193 1413 250 1469 quo
265 1394 379 1451 facilius
392 1396 427 1451 ab
441 1395 524 1452 hoste
539 1407 660 1469 possent
670 1395 934 1464 defendere,muris
946 1395 1095 1470 sepsisse3

155 1479 173 1530 5
194 1493 289 1548 neque
304 1473 333 1529 in
350 1492 394 1542 eo,
409 1473 485 1549 quod
501 1475 602 1531 inutile
617 1486 697 1531 esset
713 1473 844 1543 Graeciae,
860 1474 979 1530 fecisse.
1020 1475 1097 1530 Nam

194 1553 309 1608 illorum
329 1554 429 1609 urbem
451 1562 482 1609 ut
502 1554 748 1628 propugnaculum
762 1553 925 1628 oppositum
945 1572 1012 1609 esse
1034 1554 1098 1609 bar-

193 1632 281 1700 baris,
296 1630 371 1707 apud
385 1650 471 1705 quam
487 1632 547 1707 jam
561 1632 606 1688 bis
622 1633 735 1688 classes
750 1633 846 1707 regias
861 1632 971 1688 fecisse
984 1632 1097 1689 naufra-

155 1712 173 1766 6
195 1709 283 1798 gium.
326 1710 564 1768 Lacedaemonios
590 1723 685 1768 autern
705 1712 781 1767 male
804 1720 834 1767 et
856 1712 962 1787 injuste
990 1710 1097 1778 facere,

194 1789 243 1864 qui
267 1789 297 1846 id
321 1789 416 1864 potius
441 1790 627 1857 intuerentur,
652 1790 759 1865 quod
753 1809 880 1864 ipsorum
902 1789 1098 1854 dominationi,

194 1887 279 1942 quam
303 1869 379 1944 quod
403 1869 547 1925 universae
574 1869 696 1927 Graeciae
718 1869 788 1926 utile
814 1880 902 1926 esset.
945 1869 1052 1937 Quare,
1072 1867 1098 1923 si

195 1965 264 2005 suos
278 1948 390 2024 legatos
405 1948 537 2023 recipere
550 1949 660 2006 vellent
661 1967 751 2037 ,quos
763 1942 893 2004 Athenas
907 1947 1053 2015 miserant,
1065 1965 1098 2002 se

194 2027 381 2097 remitterent,
396 2028 479 2084 aliter
492 2028 559 2083 illos
574 2046 740 2115 numquam
743 2027 773 2082 in
789 2027 910 2101 patriam
923 2025 1077 2098 recepturi.

157 2108 171 2161 1
236 2105 321 2162 VIII.
343 2106 457 2161 Tamen
480 2123 539 2160 non
562 2105 664 2179 effugit
686 2105 792 2160 civium
814 2122 929 2159 suorum
951 2103 1097 2159 invidiam.

195 2182 328 2257 Namque
342 2184 379 2239 ob
394 2182 527 2238 eumdem
549 2182 689 2251 timorem,
703 2200 759 2255 quo
779 2182 928 2237 damnatus
949 2191 1010 2237 erat
1031 2181 1099 2237 Mil-

195 2260 300 2329 tiades,
326 2271 465 2317 testarum
492 2260 638 2334 suffragiis
668 2280 684 2316 e
713 2259 828 2315 civitate
858 2260 978 2334 ejectuS,
1004 2261 1098 2334 Argos

156 2344 175 2396 2
194 2336 352 2395 habitatum
374 2337 532 2395 concessit.
575 2337 633 2393 Hic
656 2357 744 2414 quum
770 2349 885 2412 propter
908 2339 1012 2394 multas
1035 2339 1098 2414 ejus

195 2417 316 2474 virtutes
343 2436 448 2493 magna
476 2435 541 2472 cum
569 2416 707 2492 digrnate
734 2416 855 2485 viveret,
885 2416 1099 2473 Lacedaemonii

194 2496 308 2571 legatos
318 2496 449 2554 Athenas
463 2496 612 2565 miserunt,
620 2496 669 2570 qui
681 2515 747 2553 eum
758 2498 908 2553 absentem
918 2507 1099 2565 accusarent,

196 2576 272 2650 quod
286 2576 455 2632 societatem
467 2595 533 2632 cum
543 2593 614 2650 rege
628 2574 784 2633 Persarum
795 2575 831 2632 ad
847 2574 991 2633 Graeciam
1005 2575 1099 2651 oppri-

157 2656 331 2713 3mendam
358 2655 488 2712 fecisset.
544 2654 612 2712 Hoc
639 2655 760 2713 crimine
789 2656 896 2711 absens
929 2653 1099 2731 proditionis

218 2761 256 2800 475
316 2744 362 2791 est
384 2735 543 2793 damnatus
584 2733 619 2791 Id
645 2745 677 2790 ut
700 2734 818 2803 audivit,
840 2732 916 2809 quod
941 2751 1000 2790 non
1028 2732 1099 2789 satis

194 2820 214 2849 ²·
223 2811 247 2850 ⁰·
257 2822 278 2849 ²
316 2824 407 2870 tutum
427 2832 461 2871 se
470 2813 568 2901 Argis
590 2813 717 2883 ridebat,
741 2777 898 2885 Corcyram
920 2811 1099 2899 demigravit.

197 2892 243 2949 Ibi
257 2910 343 2965 quum
357 2893 420 2966 ejus
434 2891 582 2966 principes
593 2890 718 2947 civitatis
730 2889 979 2945 animadvertisset
989 2890 1101 2957 timere,

196 2989 234 3026 ne
253 2980 368 3043 propter
382 2988 415 3024 se
434 2969 543 3025 bellum
561 2966 609 3023 his
630 2965 847 3024 Lacedaemonii
860 2976 889 3023 et
903 2965 1100 3023 Athenienses

197 3046 376 3104 indicerent:
420 3046 459 3103 od
486 3045 647 3114 Admetum,
677 3044 872 3100 Molossorum
898 3062 1007 3119 regem,
1036 3062 1102 3100 cum

158 3130 176 3184 4
198 3144 254 3215 quo
269 3144 297 3182 er
288 3124 470 3213 hospitium
481 3124 584 3193 suerat,
599 3087 737 3199 corifugit.
776 3122 844 3180 Huc
858 3142 946 3197 quum
960 3123 1101 3193 venisset,

199 3216 228 3262 et
242 3205 272 3261 in
294 3202 448 3279 praesentia
469 3220 523 3261 rex
544 3204 670 3271 abesset,
693 3218 749 3275 quo
771 3202 880 3277 majore
899 3201 1044 3290 religione
1067 3221 1100 3259 se

198 3294 348 3373 receptum
359 3292 496 3351 tueretur,
509 3280 638 3339 filiam
612 3299 676 3357 eJus
689 3280 837 3355 parvulam
851 3280 977 3355 arripuit,
993 3291 1022 3337 et
1036 3300 1101 3337 cum

199 3382 236 3419 ea
254 3381 287 3419 se
308 3362 339 3418 in
360 3360 526 3430 sacrarium,
540 3359 617 3448 quod
640 3376 751 3415 summa
765 3360 912 3417 colebatur
927 3359 1101 3431 caerimonia,

199 3440 335 3517 conjecit.
376 3439 449 3497 Inde
468 3456 527 3497 non
547 3438 628 3515 prius
648 3456 786 3513 egressus
801 3449 855 3509 est,
870 3456 960 3527 quam
968 3457 1021 3494 rex
1035 3457 1101 3495 eum

160 3525 178 3578 ὁ
199 3519 266 3577 deta
287 3518 417 3577 doxtrr't'
408 3536 440 3575 ιιι
460 3518 548 3575 fidem
568 3516 723 3593 reciperet,
736 3534 822 3592 quam
841 3516 984 3592 prestitit
1025 3516 1104 3574 Nam

198 3617 287 3676 quum
304 3599 340 3656 ab
358 3596 588 3655 Atheniensibus
603 3607 633 3653 et
649 3595 881 3655 Lacedaemoniis
896 3606 1103 3671 exposceretur

198 3677 325 3757 publice,
339 3676 501 3755 supplicem
524 3694 583 3736 non
604 3674 739 3754 prodidit,
758 3675 934 3753 monuitque,
947 3684 979 3733 ut
998 3692 1091 3735 consu
