2474 4080
274 278 382 344 XXV.
426 286 478 343 22.
525 278 576 364 (T.
592 279 950 364 Pomponiasnmcoss
1005 286 1066 349 loo

149 450 176 517 ‘n
188 432 268 490 vodio
277 441 341 506 peto
351 435 482 506 primam,
494 442 526 490 nt
538 434 683 491 consilium
691 434 814 509 probetis
823 453 912 493 meum
953 439 1063 509 deinde,

153 530 192 591 yae
195 510 317 588 frustra
330 512 499 570 dehortando
513 515 656 569 conemini.

197 589 293 648 XXII.
317 589 382 647 Hac
397 591 524 647 oratione
546 591 642 647 habita
663 600 743 647 tantu
757 593 915 649 constantia
933 595 1009 652 vocis
1023 605 1063 652 at
1086 602 1102 655 1

153 684 214 745 quc
228 668 337 738 vultus,
352 679 384 725 ut
398 686 453 724 uon
468 687 504 724 ex
519 670 587 737 vita,
603 668 652 725 sed
667 687 704 725 ex
719 669 800 725 domo
814 671 844 725 iu
858 670 972 727 domum
987 673 1063 730 vide-

154 749 389 823 returrnigrnre,
409 765 500 821 quum
519 749 635 821 quidem
652 747 783 822 Agrippa
797 766 864 803 eum
885 750 956 807 flens
977 761 1062 826 atque

153 826 292 883 osculans
305 834 400 883 oraret
415 836 500 900 atquc
515 827 688 894 obsecraret,
703 845 739 881 ne
755 825 790 882 ad
812 825 849 894 id,
865 827 939 900 quod
958 840 1061 887 notura
1082 835 1101 888 2

153 916 281 980 cogeret,
296 904 357 979 ipse
377 923 491 979 quoque
513 904 567 960 sibi
589 905 777 971 acceleraret,
793 912 828 971 et,
844 907 979 978 quoniam
1000 917 1062 964 tum

153 1000 269 1058 quoque
283 993 376 1059 posset
390 983 566 1057 temporibus
584 1001 744 1058 superesse,
759 1001 790 1038 se
804 982 858 1038 sibi
880 985 998 1058 suisque
1019 1004 1060 1042 re-

152 1072 291 1131 servaret,
302 1079 402 1136 preces
416 1060 480 1135 ejus
494 1062 638 1118 taciturna
652 1079 705 1117 sua
716 1061 902 1118 obstinatione
911 1062 1059 1136 depressit.

151 1138 203 1196 Sic
217 1158 309 1214 quum
324 1139 444 1196 biduum
463 1140 528 1197 cibo
542 1159 573 1195 se
588 1140 780 1206 abstinuisset,
796 1140 890 1196 subito
910 1139 999 1197 febris
1013 1142 1059 1198 de·
1080 1148 1099 1200 3

151 1219 248 1288 cessit,
264 1219 412 1292 leviorque
427 1219 543 1274 morbus
556 1237 619 1274 esse
634 1219 731 1293 coepit.
759 1217 871 1274 Tamen
887 1222 1060 1295 propositum

150 1297 240 1354 nihilo
254 1299 351 1354 secius
365 1297 486 1373 peregit.
529 1296 630 1371 Itaque
651 1296 697 1353 die
711 1296 810 1371 quinto
835 1309 904 1370 post,
919 1317 1006 1371 quern
1031 1299 1060 1355 id

150 1376 304 1432 consilium
319 1377 433 1444 inierat,
448 1376 539 1450 pridie
554 1375 699 1432 Calendas
713 1374 839 1450 Apriles,
854 1374 908 1431 Cn.
924 1375 1058 1447 Domitio,

149 1452 184 1511 C.
201 1454 282 1511 Sosio
295 1454 376 1512 Coss.
394 1453 526 1510 decessit.
569 1454 673 1510 Elatus
688 1465 730 1510 est
748 1455 777 1508 in
792 1453 937 1522 lecticula,
953 1465 984 1510 ut
998 1457 1058 1530 ipsc
1079 1461 1098 1515 4

149 1535 373 1608 praescripserat,
399 1534 462 1589 sine
492 1533 552 1589 ulla
580 1551 682 1606 pompa
707 1531 827 1600 funeris,
857 1533 1059 1591 comitantibus

148 1612 283 1669 omuibus
297 1613 387 1679 bouis,
403 1612 530 1667 maxima
544 1611 625 1686 vulgi
652 1609 823 1684 frequentia.
865 1609 1002 1686 Sepultus
1016 1621 1060 1670 est

145 1688 231 1764 juxta
246 1692 325 1746 viam
340 1690 477 1765 Appiam,
488 1690 523 1746 ad
538 1691 671 1765 quintum
685 1689 820 1757 lapidem,
831 1689 861 1743 in
876 1699 1059 1748 monumento

142 1766 188 1834 Q.
203 1768 326 1838 Caecilii,
341 1768 483 1826 avunculi
497 1769 554 1826 sui.
