2474 4080
498 273 539 338 X.
583 275 705 355 (Dion.)
1007 278 1046 338 tr

147 419 323 478 reficiendos
346 429 434 489 curat,
456 419 643 494 pecuniaeque
667 418 870 494 quinquaginta
889 428 930 474 ta-
974 443 1017 484 ῃ

147 499 237 568 lenta,
251 517 313 572 quae
327 517 345 554 a
365 497 551 555 Pharnabazo
566 508 727 572 acceperat,
741 498 852 554 civibus
869 497 931 553 suis
955 503 976 534 ⁸·
988 495 1012 534 ⁰·
1024 505 1041 535 ¹¹

148 577 246 633 donat.

189 653 227 710 V.
262 652 378 710 Accidit
391 652 469 722 huic,
483 652 557 726 quod
572 653 677 708 ceteris
690 654 864 721 mortalibus,
878 662 909 709 ut
924 653 1051 712 inconsi·
1075 657 1089 710 1

147 730 274 788 deratior
300 731 331 787 in
354 731 491 798 secunda,
515 749 599 804 quam
626 732 656 786 in
681 731 802 787 adversa
825 741 905 787 esset
928 731 1049 789 fortuna.

148 809 227 865 Nam
242 811 337 865 classe
362 808 639 882 Peloponnesiorum
663 808 777 864 devicta
800 827 886 882 quum
908 809 998 864 ultum
1016 829 1049 866 se

147 886 268 962 injurias
290 885 388 961 patriae
411 897 531 960 putaret,
544 887 626 959 plura
640 887 814 959 concupivit,
828 905 913 960 quam
933 887 1050 944 efficere

146 965 248 1038 potuit.
290 965 393 1037 Neque
407 974 503 1020 tamen
517 983 553 1019 ea
566 982 624 1019 non
645 964 694 1036 pia
708 975 737 1019 et
759 964 906 1038 probanda
927 963 1048 1034 suerunt,
1072 970 1091 1023 2

147 1041 224 1114 quod
247 1042 341 1116 potius
369 1042 468 1116 patriae
493 1059 564 1114 opes
593 1041 701 1115 augeri,
725 1060 810 1114 quam
836 1041 913 1116 regis
940 1043 1049 1098 maluit.

147 1119 177 1175 N
179 1137 225 1174 arn
239 1138 323 1192 quum
338 1137 469 1194 magnam
484 1118 680 1174 auctoritatem
694 1119 749 1175 sibi
770 1137 865 1194 pugna
879 1120 929 1175 illa
942 1120 1049 1189 navali,

147 1215 233 1269 quam
257 1197 331 1269 apud
356 1196 480 1253 Cnidum
504 1196 621 1265 fecerat,
646 1197 851 1265 constituisset,
875 1216 931 1253 non
957 1198 1050 1253 solum

146 1274 222 1329 inter
234 1276 379 1343 barbarea,
394 1275 447 1330 sed
461 1274 547 1330 etiam
561 1292 661 1330 ornnes
684 1274 804 1330 Graeciae
818 1275 959 1343 civitates,
975 1275 1050 1332 clam

147 1352 216 1407 dare
241 1370 357 1425 operam
382 1351 477 1425 capit,
499 1363 530 1407 ut
551 1351 662 1408 Ioniam
683 1363 711 1408 et
734 1352 863 1408 AEoliam
886 1353 1050 1410 restitueret

147 1429 384 1486 Atheniensibus.
426 1430 460 1486 ld
474 1448 559 1504 quum
573 1430 667 1485 minus
692 1428 845 1504 diligenter
869 1442 949 1486 esset
971 1432 1047 1486 cela·
1069 1435 1086 1488 3

146 1517 215 1575 tum,
224 1507 387 1576 Tiribazus,
396 1508 444 1580 qui
457 1508 594 1564 Sardibus
608 1519 735 1582 praeerat,
748 1509 897 1564 Cononem
908 1509 1048 1578 evocavit,

147 1584 296 1653 simulans
311 1585 347 1641 ad
360 1604 458 1659 regem
473 1605 539 1642 eum
559 1605 592 1641 se
606 1587 717 1641 mittere
732 1587 809 1642 velle
827 1605 930 1660 magna
979 1617 1016 1655 ³93

147 1661 183 1717 de
198 1680 240 1718 re.
282 1663 376 1738 Hujus
396 1664 495 1719 nuntio
515 1682 620 1737 parens
642 1683 728 1737 quum
741 1665 878 1732 venisset,
899 1665 930 1720 in
954 1677 974 1705 ⁸·
987 1666 1011 1704 ⁰·
1026 1676 1048 1705 ¹¹·

146 1740 262 1796 vincula
277 1742 424 1816 conjectus
446 1754 500 1810 est,
520 1741 665 1814 inquibus
681 1742 852 1814 aliquamdiu
873 1741 935 1798 fuit.
975 1742 1047 1798 Inde
1068 1745 1086 1798 4

145 1818 276 1873 nonnulli
291 1818 406 1875 eumad
426 1838 524 1893 regem
539 1819 699 1888 abductum,
713 1820 809 1891 ibique
830 1819 942 1892 perisso
957 1819 1048 1893 scrip·

146 1905 205 1950 tum
218 1896 402 1969 reliquerunt.
444 1898 550 1953 Contra
565 1916 600 1953 ea
626 1898 722 1953 Dinon
746 1896 910 1966 historicus,
926 1897 973 1952 cui
993 1915 1048 1952 nos

145 1972 298 2046 plurimum
307 1974 343 2030 de
356 1975 484 2031 Persicis
499 1977 584 2031 rebus
595 1975 747 2043 credimuS,
757 1974 905 2049 effugisse,
915 1973 1045 2048 scripsit:

145 2049 217 2186 illurfl
238 2051 392 2122 addubitat,
405 2065 497 2110 utrum
518 2054 653 2110 Tiribazo
668 2053 789 2123 sciente,
811 2071 848 2110 an
868 2051 1048 2128 imprudente

146 2137 185 2184 srt
209 2139 313 2186 actum.

445 2472 507 2587 u.
566 2511 752 2589 arou.

393 2834 395 2838 ’
442 2852 752 2912 iucuunuruu.

148 2992 244 3052 GAP.
269 2993 296 3051 I.
327 2994 525 3071 Dionysiorum
538 2996 629 3128 cpfiuis
643 3007 669 3051 et
682 2997 805 3051 intimus.
846 2993 890 3051 II.
912 2993 1047 3052 Platonis

184 3073 337 3148 discipulus
347 3083 375 3129 ct
385 3075 498 3129 amicus.
559 3072 601 3128 II.
619 3074 756 3130 Simultas
763 3072 866 3129 Diouis
876 3084 902 3128 ct
912 3072 1046 3148 Dionysii

175 3151 311 3225 junioris.
352 3150 408 3206 IV.
434 3150 597 3206 Corinthum
611 3153 758 3207 devehitur.
800 3151 876 3224 Ejus
887 3151 972 3228 filius
980 3171 1045 3226 pas-

183 3229 251 3284 sima
264 3228 405 3298 educatur.
450 3227 484 3283 V.
509 3228 712 3303 Syracusarum
726 3230 833 3304 potitus
848 3239 994 3303 tyrannum
1008 3228 1046 3283 ad

178 3307 323 3382 pactiones
337 3306 435 3380 adigit.
481 3305 532 3361 VI.
554 3305 715 3362 Heraclidis
739 3306 808 3361 cade
827 3306 957 3380 papulum
976 3326 993 3360 a
1014 3325 1044 3361 sa

183 3383 296 3438 alienat.
330 3383 399 3438 VII.
424 3383 574 3458 Tyrannus
585 3384 666 3458 vulga
677 3384 830 3459 appellatur
840 3403 893 3438 aon
896 3381 1042 3457 fcmmius.

187 3459 276 3516 VIII.
302 3461 464 3517 Callicratis
487 3461 599 3516 consilia
620 3464 763 3537 decipitur.
804 3459 863 3515 IX.
885 3459 968 3514 Domi
987 3479 1043 3514 sua

184 3538 228 3594 dia
240 3537 320 3614 sesto
335 3539 475 3594 acciditur.
516 3537 558 3594 Χ.
584 3539 732 3595 Tumultus
741 3548 807 3614 post
821 3537 881 3608 ejus
893 3545 1004 3592 mortem
1017 3545 1044 3592 ct

184 3615 350 3673 desiderium
363 3619 471 3673 mortui.
607 3695 622 3724 ᾖ

587 3700 605 3750 4
