2474 4080
185 269 229 330 40
479 264 538 328 IX.
560 271 590 328 4.
634 265 780 345 (Coena)

179 420 316 479 maneret,
330 410 452 466 valebat.
493 409 597 483 Neque
621 410 651 466 id
674 410 842 480 mirandum,
862 410 888 466 si
911 429 970 468 non
993 411 1081 470 facile

181 490 217 546 ed
231 487 405 544 credendum
419 488 620 557 adducebatur,
640 487 842 559 reminiscens,
857 490 918 564 ejus
940 509 973 547 se
994 508 1082 564 opera

140 572 159 624 2
183 568 291 641 Cyrum
324 565 439 622 fratrem
465 583 629 639 superasse.
685 566 780 640 Hujus
805 565 962 623 accusandi
990 568 1080 642 gratia

182 645 281 701 Conon
294 663 311 699 a
322 643 506 699 Pharnabazo
516 643 552 698 ad
562 661 660 717 regem
673 644 788 712 missus,
799 655 984 719 posteaquam
992 646 1079 715 venit,

180 721 301 796 primum
316 739 353 776 011
366 738 444 776 more
469 721 621 776 Persarum
643 720 678 776 ad
700 720 898 791 chiliarchum,
913 721 961 795 qui
976 741 1080 779 secun·

180 800 246 856 dum
261 798 378 873 gradum
392 797 505 872 imperii
514 799 637 866 tenebat,
647 798 833 854 Tithrausten
842 798 978 869 accessit,
989 819 1079 873 seque

180 877 304 933 ostendit
318 896 383 933 cum
397 895 466 950 rege
481 875 605 948 colloqui
619 876 705 932 velle.
747 877 841 932 Nemo
856 877 934 932 enim
944 877 1008 934 sine
1022 877 1078 934 hoc

141 960 158 1012 3
181 956 344 1011 admittitur
395 954 472 1010 Huic
496 953 556 1021 ille,
580 954 665 1021 aella,
685 953 784 1026 inquit,
799 975 874 1010 moro
888 966 948 1023 est;
979 956 1029 1012 sed
1049 967 1079 1011 te

180 1035 306 1123 delibero,
320 1044 412 1088 utrem
434 1031 548 1105 colloqui
566 1032 664 1120 malis,
678 1053 714 1087 1111
724 1052 776 1106 per
796 1032 903 1089 litteras
917 1052 1007 1122 ogere,
1021 1053 1078 1107 poe

181 1115 295 1200 cogitas.
337 1111 457 1165 Necesse
471 1120 512 1165 est
526 1111 605 1176 enim,
616 1111 643 1165 si
653 1110 683 1164 io
696 1121 866 1184 conspectum
876 1112 991 1180 veneris,
1002 1131 1078 1167 uene·

180 1192 239 1245 rori
253 1201 278 1244 te
299 1208 388 1261 regem
413 1186 500 1261 (quod
515 1190 654 1262 reneuvell
670 1186 713 1242 illi
727 1188 853 1275 vocant)
894 1187 958 1244 Hoc
982 1191 1009 1245 si
1030 1190 1080 1245 tibi

177 1287 263 1342 grove
277 1277 327 1333 est,
347 1285 399 1340 per
412 1285 452 1320 me
473 1265 557 1321 11111110
577 1267 666 1320 secius
687 1266 753 1321 edit
731 1276 769 1321 trs
792 1267 931 1322 mendatis
944 1267 1079 1344 conficies,

141 1345 280 1421 ‹lqeod
273 1309 376 1399 stodes.
419 1343 495 1398 Tum
517 1343 627 1410 Conon,
651 1344 718 1398 mitt
741 1363 812 1411 vero,
837 1343 936 1416 inquit,
960 1364 1014 1400 11011
1038 1355 1080 1401 est

176 1442 272 1498 grave,
287 1423 407 1496 quemvis
421 1421 545 1476 honorem
558 1421 655 1476 hebere
668 1424 747 1496 regi;
761 1422 810 1477 sed
820 1441 920 1490 vereor,
929 1442 962 1478 ae
973 1423 1089 1478 civitati·

179 1521 242 1556 mee
256 1502 294 1556 sit
308 1500 457 1588 opprobrie,
472 1501 506 1567 si,
521 1519 602 1573 quum
622 1520 655 1554 eo
668 1520 700 1554 ea
714 1501 766 1555 sim
777 1498 925 1574 prefectos,
939 1520 996 1574 que
1012 1511 1078 1555 cete·

179 1580 221 1634 ris
230 1579 382 1654 gentibus
372 1597 503 1652 imperare
514 1580 681 1632 consueverit
683 1588 746 1651 ,tpo
747 1579 792 1632 ies
803 1577 987 1644 barbarorum,
997 1597 1079 1664 qoem

180 1657 264 1723 illius,
279 1676 349 1711 more
361 1653 482 1732 fungar.
524 1655 633 1727 Itaque,
647 1674 708 1727 quae
724 1653 817 1731 [huic]
833 1655 956 1724 volebat,
971 1655 1079 1729 scripta

142 1732 303 1870 ltradidit.

236 1813 273 1869 V.
325 1811 437 1877 Quibus
463 1809 596 1886 cognitis,
618 1828 671 1866 rex
691 1819 799 1866 tantum
822 1808 988 1868 auctoritate
1014 1811 1078 1885 ejus

203 1922 240 1961 394
297 1902 389 1947 motus
409 1901 462 1960 est,
478 1902 509 1945 ut
523 1901 551 1945 et
566 1888 794 1962 Tissaphernem
806 1887 919 1944 hostem
929 1887 1078 1962 judicave-

179 1981 198 2009 fl·
212 1972 235 2010 ⁰·
251 1983 271 2010 ¹¹·
298 1970 342 2038 rit,
365 1980 393 2025 et
408 1968 643 2025 Lacedaemonios
654 1967 730 2022 bello
751 1966 885 2040 persequi
906 1966 1035 2040 jusserit,
1050 1975 1079 2022 et

180 2046 208 2103 ei
216 2048 386 2120 permiserit,
396 2066 480 2119 quem
489 2047 586 2113 vellet,
597 2045 705 2118 eligere
718 2044 754 2099 ad
762 2043 985 2118 dispensandam
990 2062 1078 2117 pecu·

179 2124 265 2180 niam.
308 2125 341 2181 Id
350 2124 495 2180 arbitrium
507 2124 607 2179 Conon
619 2123 734 2195 negarit
747 2121 792 2177 sui
807 2141 873 2177 esse
890 2121 1014 2189 consilii,
1024 2121 1078 2177 sed

179 2203 280 2275 ipsius,
295 2203 342 2274 qui
356 2202 461 2275 optime
476 2219 543 2256 suos
558 2218 645 2255 nosse
661 2201 795 2268 deberet;
817 2199 870 2254 sed
890 2218 923 2254 se
945 2198 1077 2268 suadere,

139 2286 158 2336 2
181 2279 367 2336 Pharnabazo
388 2278 417 2333 id
437 2278 545 2351 negotii
567 2278 655 2333 daret.
698 2278 775 2333 Hinc
787 2277 898 2351 magnis
912 2278 1077 2332 muneribus

180 2358 305 2413 donanis-
307 2348 350 2411 ·ad
364 2375 442 2410 mare
460 2367 505 2410 est
518 2356 633 2423 missua,
648 2365 678 2411 ut
693 2355 819 2429 Cypriis,
835 2367 863 2410 et
880 2354 1076 2441 Phoenicibus,

180 2434 340 2506 ceterisque
355 2433 502 2489 maritimis
519 2399 681 2489 civitatibus
696 2453 784 2488 naves
799 2432 921 2506 longas
914 2444 1076 2506 imperaret,

179 2514 368 2585 classemque,
380 2531 434 2585 qua
448 2512 576 2585 proxima
590 2523 686 2567 aestate
701 2530 778 2566 mare
793 2511 866 2565 tueri
881 2521 988 2584 posset,
1000 2529 1077 2566 com·

179 2601 308 2666 pararet:
331 2590 396 2646 dato
418 2592 543 2666 adjutore
562 2590 756 2657 Pharnabazo,
772 2588 923 2662 sicutipse
938 2589 1076 2644 voluerat.

140 2674 157 2726 3
179 2669 213 2726 Id
227 2679 257 2725 ut
279 2668 508 2726 Lacedaemoniis
530 2680 575 2725 est
598 2668 764 2735 nuntiatum,
778 2685 835 2722 non
855 2666 918 2721 sine
934 2684 1077 2722 curarem

179 2747 418 2816 administramnt,
440 2747 514 2821 quod
541 2748 632 2821 majus
659 2747 766 2802 bellum
790 2744 937 2799 imminere
961 2744 1077 2800 arbitra·

178 2828 287 2893 bantur,
301 2845 385 2897 quam
399 2826 424 2880 si
439 2845 504 2881 oum
517 2826 635 2880 barbaro
649 2825 742 2878 solum
756 2822 970 2877 contenderent.
1000 2821 1077 2877 Nam

180 2904 283 2959 ducem
303 2903 404 2958 fortem
424 2902 646 2975 prudentemque
661 2900 749 2973 regiis
765 2899 866 2972 opibus
886 2898 1076 2972 praefuturum,

180 2999 214 3036 ac
229 2997 328 3035 secum
352 2978 550 3034 dimicaturum
564 2977 705 3044 videbant,
727 2995 811 3049 quem
835 2995 928 3049 neque
944 2975 1076 3045 consilio,

140 3063 159 3114 4
178 3075 272 3129 neque
297 3055 390 3128 copiis
413 3072 548 3128 superare
573 3063 701 3127 possent.
743 3053 808 3109 Hac
829 3065 923 3109 mente
944 3072 1077 3127 magnam

203 3165 240 3203 ³94
298 3130 1076 3204 contrahuutolassem3proficiscunturPisandroduce.

179 3223 199 3253 ⁸*
212 3214 235 3252 ὓ·
248 3223 269 3250 n,
299 3210 363 3265 Hos
381 3211 482 3266 Conon
497 3209 571 3283 apud
593 3209 716 3265 Cnidum
730 3209 843 3264 adortus
859 3227 961 3282 magno
975 3207 1077 3283 proelio

179 3288 266 3363 fugat,
290 3288 392 3342 multas
414 3306 502 3342 naves
528 3287 612 3360 capit,
638 3287 798 3360 complures
821 3287 961 3359 deprimit.
1012 3287 1078 3350 Qua

180 3365 299 3422 victoria
322 3383 379 3419 non
403 3365 495 3420 solum
519 3364 648 3432 Atheuae,
676 3365 728 3420 sed
757 3365 843 3420 etiam
868 3374 970 3419 cuncta
999 3363 1078 3420 (1110-

181 3443 235 3511 010,
249 3460 311 3516 quae
326 3442 377 3497 sub
399 3441 681 3497 Lacedaemoniorum
700 3441 792 3497 fuerat
812 3441 940 3515 imperio,
957 3441 1078 3496 liberata

142 3526 160 3579 5
181 3530 235 3577 est.
278 3520 380 3576 Conon
394 3537 459 3575 oum
479 3529 559 3593 parte
573 3520 688 3575 navium
702 3519 732 3574 in
746 3519 866 3592 patriam
879 3517 967 3584 veuit,
980 3535 1079 3575 muros

180 3597 319 3654 dirutosa
340 3595 500 3671 Lysandro,
515 3607 649 3669 utrosque
671 3607 700 3652 et
722 3594 825 3652 Piraei
841 3605 870 3650 et
892 3593 1078 3664 Athenarum,
