2474 4080
471 248 512 312 X.
542 256 571 326 7,
588 255 617 313 8.
659 251 781 331 (Dion.)
1030 259 1072 318 45

174 395 238 456 haec
254 394 398 453 sententia
413 406 473 452 est:
497 397 564 453 Non
587 416 675 471 posse
700 398 774 454 bene
790 396 851 471 geri
862 399 1076 473 rempublicam

146 477 326 533 ¹multorum
350 474 489 547 imperiis.
531 474 616 539 Quod
640 475 747 530 dictum
760 495 863 549 magna
884 476 993 532 invidia
1007 496 1075 533 con-

173 564 277 610 secuta
291 561 344 608 est.
387 552 518 626 Namque
533 553 682 625 aperuisse
697 553 853 622 videbatur,
867 554 962 609 omnia
978 554 1008 611 in
1022 575 1075 612 sua

171 641 316 707 potestate
328 648 396 685 esse
407 631 494 687 velle.
524 631 609 686 Hanc
623 629 674 685 ille
689 649 745 686 non
760 631 851 686 lenire
866 632 1012 705 obsequio,
1022 633 1074 689 sed
1095 638 1113 689 5

172 709 330 765 acerbitate
346 707 506 780 opprimere
522 708 637 776 studuit,
653 708 906 782 Heraclidemque,
919 729 1005 783 quum
1019 712 1075 786 sy-

172 805 293 843 racusas
308 785 445 854 venisset,
460 785 690 842 interficiendum
704 786 822 841 curavit.

215 864 287 920 Vll(
326 862 410 927 Quod
434 863 539 919 factum
561 863 691 919 omnibus
706 865 858 919 maximum
878 865 1007 920 timorem
1031 866 1073 922 in·
1096 871 1110 924 1

174 943 253 1012 'ecit
302 941 397 1009 Nemo
418 942 503 1011 enim,
528 942 578 997 illo
600 940 760 1010 intersect0,
784 944 817 998 sb
840 953 929 998 tutum
950 945 1073 1016 putabat.

188 1021 229 1076 lle
253 1029 356 1088 autem,
379 1019 545 1075 adversario
569 1030 687 1089 remoto,
709 1019 844 1076 licentius
870 1039 967 1076 eorum
990 1022 1074 1090 bona,

172 1116 245 1172 quos
261 1097 372 1152 sciebat
391 1097 528 1154 adversus
544 1098 732 1166 assensisse,
754 1093 889 1154 militibus
904 1099 1072 1171 dispertivit.

173 1176 286 1240 Quibus
302 1174 412 1244 divisis,
433 1195 518 1249 quum
531 1175 688 1248 quotidiani
708 1175 824 1231 maximi
838 1177 939 1232 fierent
953 1187 1071 1246 sumtus,
1092 1183 1110 1235 2

172 1254 308 1310 celeriter
321 1253 445 1327 pecunia
459 1255 565 1310 deesse
581 1253 675 1326 coepit,
688 1272 791 1326 neque,
803 1272 857 1326 quo
871 1250 971 1310 manus
985 1254 1073 1328 porri·

171 1341 263 1406 geret,
284 1333 461 1406 suppetebat,
482 1332 540 1387 nisi
560 1330 590 1387 in
610 1331 765 1387 amicorum
783 1333 997 1405 possessiones.
1038 1333 1073 1389 Id

170 1409 335 1484 hujusmodi
359 1421 428 1478 erat,
447 1421 485 1478 ut,
505 1428 590 1483 quum
612 1409 718 1464 milites
743 1409 970 1478 reconciliasset,
993 1411 1072 1466 amit-

170 1497 246 1543 teret
269 1487 429 1561 optimatcs.
472 1489 600 1552 Quarum
621 1506 715 1542 rerum
740 1493 807 1543 cura
828 1487 1018 1562 frangebatur,
1044 1493 1110 1546 et3

171 1565 303 1621 insuetus
316 1568 391 1623 male
406 1566 541 1622 audiendi
562 1584 618 1621 non
634 1584 712 1638 aequo
732 1566 825 1621 animo
846 1565 963 1634 serebat,
979 1567 1015 1622 de
1037 1585 1070 1623 se

171 1643 207 1699 ab
230 1643 267 1698 iis
282 1644 356 1699 male
382 1643 549 1712 existimari,
573 1661 690 1716 quorum
709 1644 804 1717 paullo
827 1654 892 1699 autc
915 1644 945 1700 in
969 1645 1072 1700 coelum

170 1720 265 1777 suerat
289 1722 380 1778 elatus
394 1723 535 1778 laudibus.
577 1721 688 1795 Vulgus
707 1733 810 1789 autem,
825 1722 936 1777 offensa
959 1722 988 1777 in
1006 1741 1072 1778 eum

169 1799 294 1855 militum
307 1801 461 1868 voluntate,
475 1799 593 1856 liberius
614 1799 790 1872 loquebatur,
804 1810 833 1854 et
851 1810 1001 1872 tyrannum
1014 1818 1072 1856 non

170 1876 320 1933 ferendum
334 1877 488 1934 dictitabat.

211 1954 297 2011 VIII.
320 1954 391 2011 Haec
402 1955 450 2011 ille
459 1956 583 2023 intuens,
594 1973 688 2028 quum,
699 1953 934 2027 quemadmodum
948 1954 1071 2023 sedaret,
1094 1958 1105 2015 l

169 2032 307 2100 nesciret,
317 2044 354 2101 et,
363 2052 496 2106 quorsum
507 2034 669 2101 evaderent,
679 2033 808 2100 timeret;
832 2033 1002 2088 Callicrates
1012 2032 1072 2106 qui·
1153 2033 1157 2041 '

171 2110 247 2178 dam,
262 2110 334 2166 civis
350 2111 548 2179 Atheniensis,
563 2111 611 2183 qui
632 2111 717 2166 simul
739 2129 803 2165 cum
818 2129 853 2166 eo
868 2128 904 2165 ex
930 2110 1071 2185 Pelopon·

169 2207 243 2245 neso
252 2188 282 2243 in
298 2188 430 2244 Siciliam
437 2200 563 2256 venerat,
578 2188 662 2244 homo
677 2201 705 2244 et
719 2189 840 2244 callidus
851 2198 879 2244 et
893 2189 929 2244 ad
944 2188 1071 2245 fraudem

171 2277 282 2333 acutuS,
298 2266 360 2322 sine
376 2268 433 2322 ulla
457 2268 597 2341 religione
613 2286 647 2321 ac
669 2267 734 2335 fide,
756 2267 815 2323 adit
833 2268 869 2322 ad
894 2267 1027 2336 Dionem,
1042 2277 1071 2324 et

171 2345 227 2400 ait:
252 2363 317 2400 eum
339 2344 393 2420 [in]
410 2363 512 2419 magno
526 2345 655 2419 periculo
670 2364 736 2401 esse
751 2358 865 2419 propter
881 2346 1070 2402 offensionem
1090 2350 1108 2402 2

170 2423 269 2496 populi
285 2434 313 2478 et
326 2424 422 2478 odium
431 2424 559 2491 militum,
568 2423 642 2495 quod
653 2423 731 2478 nullo
745 2424 828 2478 modo
839 2425 946 2479 evitare
961 2434 1069 2498 posset,

170 2500 229 2555 nisi
244 2499 330 2555 alicui
353 2519 468 2556 suorum
481 2501 627 2574 negotium
640 2501 728 2569 daret,
743 2501 790 2573 qui
806 2520 837 2556 se
860 2503 1006 2556 simularet
1027 2501 1071 2557 illi

171 2577 328 2633 inimicum.
371 2579 465 2642 Quem
479 2579 505 2633 si
521 2578 679 2644 invenisset
694 2578 836 2646 idoneum,
846 2578 932 2633 sacile
944 2578 1070 2634 omnium

172 2655 282 2711 animos
311 2657 497 2730 cogniturum,
525 2656 759 2727 adversariosque
788 2657 970 2723 sublaturum,
996 2656 1070 2726 quod

171 2733 282 2789 inimici
311 2735 373 2808 ejus
399 2734 553 2790 dissidenti
588 2753 655 2790 suos
684 2752 787 2788 sensus
816 2731 940 2806 aperturi
967 2731 1068 2788 forent.

171 2810 239 2866 Tali
255 2811 376 2867 consilio
390 2814 506 2886 probato
516 2811 631 2886 excepit
645 2812 697 2866 has
707 2822 801 2884 partes
814 2811 876 2885 ipse
890 2810 1069 2879 Callicrates,
1091 2814 1108 2867 3

171 2900 242 2944 etse
254 2901 342 2944 armat
350 2889 538 2963 imprudentia
554 2889 667 2945 Dionis.
709 2889 754 2944 Ad
766 2908 831 2944 eum
842 2887 1071 2944 interficiendum

171 2967 269 3022 socios
277 2967 430 3040 conquirit;
443 2963 1071 3041 adversariosejusconvenit,conjuratioriem

171 3045 327 3100 coufirmat.
369 3045 440 3114 Res,
463 3045 559 3101 multis
583 3044 709 3100 consciis
732 3063 792 3117 quae
818 3056 972 3119 gereretur,
996 3046 1070 3101 elata
1090 3048 1108 3101 4

170 3122 297 3178 desertor
310 3123 346 3178 ad
366 3123 594 3192 Aristomachen,
619 3141 746 3179 sororem
770 3124 883 3192 DioniS,
897 3141 1069 3196 uxoremque

170 3207 288 3256 Areten.
339 3201 399 3256 lllae
423 3201 523 3256 timore
547 3190 701 3275 perterrilae
723 3201 902 3268 conveniunt,
925 3203 1005 3275 cujus
1030 3201 1066 3257 de

169 3279 299 3352 periculo
320 3279 465 3334 timebant.
491 3280 545 3334 ·At
558 3280 608 3334 ille
623 3289 717 3352 negat,
733 3297 750 3333 a
768 3279 922 3334 Callicrate
936 3279 999 3334 fieri
1014 3279 1070 3335 sibi

169 3357 302 3424 insidiaS,
326 3357 379 3412 sed
403 3357 462 3424 illa,
485 3375 546 3428 quae
570 3367 730 3430 agerentur,
754 3357 817 3411 fieri
841 3368 983 3429 praecepto
1008 3375 1069 3411 suo.

170 3433 313 3490 Mulieres
327 3433 419 3489 nihilo
434 3434 531 3489 secius
547 3434 731 3490 Callicratem
745 3433 775 3488 in
786 3434 876 3489 aedem
891 3433 1071 3508 ProserpInae
1090 3437 1109 3488 5

170 3510 323 3581 deducunt,
338 3531 372 3567 ac
393 3513 490 3586 jurare
506 3521 619 3585 cogunt,
641 3511 713 3566 nihil
739 3512 773 3566 ab
795 3511 845 3566 illo
867 3511 987 3583 periculi
1010 3510 1070 3566 fore
1113 3518 1114 3522 ’

174 3589 272 3647 Dioni.
314 3590 369 3647 llle
384 3589 439 3646 hac
453 3589 592 3668 religione
606 3607 664 3645 non
677 3589 761 3645 modo
774 3606 832 3644 non
846 3586 1007 3658 deterritus,
1018 3586 1072 3646 sed
