2474 4080
181 273 223 333 aa
410 263 483 327 vu.
511 270 539 338 5,
556 269 585 325 o.
629 260 844 341 (Aroteres.)

176 422 249 482 runt,
259 411 448 486 presidioque
463 409 503 466 ibi
516 419 654 485 perpetuo
668 408 762 482 posito
776 407 806 464 in
820 404 971 464 obsidione
986 404 1079 464 Athe·

176 511 230 550 nas
255 499 415 547 tenuerunt.
467 489 608 563 Ejusdem
635 505 723 561 opera
750 486 861 543 Ioniam
888 504 906 540 a
933 486 1077 543 societate

177 579 338 626 averterunt
359 567 588 623 Atheniensium.
630 565 695 629 Quo
709 564 784 620 sacto
804 565 892 620 multo
908 564 1077 637 superiores

176 648 253 704 bello
269 666 335 702 esse
350 655 505 720 coeperunt.

140 725 153 784 Ζ
216 725 253 781 V.
276 725 378 797 Neque
392 741 462 779 vero
484 723 530 778 his
552 723 637 779 rebus
658 732 717 776 tam
731 720 817 776 amici
842 718 988 776 Alcibiadi
1010 730 1079 777 sunt

176 802 254 872 lacti,
268 822 351 876 quam
364 802 464 857 timore
480 802 564 857 abeo
579 799 705 855 alienati.
747 799 773 854 N
778 818 823 854 am
837 817 921 871 quum
942 798 1077 855 acerrimi

175 882 229 937 viri
252 893 433 955 prestantem
454 879 632 955 prudentiam
654 877 683 933 in
702 877 832 932 omnibus
852 878 937 932 rebus
953 895 1082 943 coenos·-

177 972 285 1027 cercnt,
297 959 509 1032 pertimuerunt,
518 975 554 1012 ue
570 956 686 1010 caritate
701 955 799 1029 patriae
808 955 909 1010 ductus
924 954 1079 1027 aliquando

177 1038 211 1094 ab
239 1038 312 1110 ipsis
334 1035 521 1101 descisceret,
547 1044 576 1089 et
598 1053 662 1088 cum
685 1034 745 1088 suis
767 1033 795 1088 in
818 1033 937 1106 gratiam
957 1033 1076 1090 rediret.

176 1116 275 1188 Itaque
300 1125 411 1186 tempus
435 1115 496 1187 ejus
522 1111 711 1167 interficiendi
737 1130 862 1184 quaerere
884 1110 1077 1167 instituerunt.

137 1197 156 1250 2
178 1194 213 1249 Id
239 1191 380 1248 Alcibiadi
403 1191 508 1246 diutius
531 1189 619 1245 celari
643 1206 700 1243 non
721 1189 827 1262 potuit:
861 1199 922 1244 erat
943 1189 1019 1245 euim
1040 1208 1078 1245 ea

178 1270 345 1344 sagacitate,
354 1279 384 1324 ut
395 1268 491 1342 decipi
502 1287 559 1323 non
570 1277 678 1340 posset,
687 1266 844 1339 pracsertim
855 1285 939 1338 quum
952 1267 1078 1323 animum

178 1347 348 1403 attendisset
372 1346 407 1401 ad
430 1346 597 1400 cavendum.
652 1345 751 1415 ltaque
777 1344 813 1399 ad
837 1343 1076 1418 Tissaphernem,

138 1429 156 1482 3
177 1425 341 1500 praelectum
364 1423 442 1497 regis
468 1423 559 1491 Darii,
582 1441 613 1479 se
639 1422 767 1477 contulit.
819 1423 909 1498 Cujus
934 1442 1020 1495 quum
1046 1423 1077 1479 in

177 1503 306 1559 intimam
320 1501 475 1557 amicitiam
494 1501 684 1574 pervenisset,
700 1511 729 1555 et
748 1500 979 1570 Atheniensium,
1001 1502 1075 1557 male

178 1582 268 1656 gestis
284 1581 313 1635 in
329 1580 431 1636 Sicilia
445 1580 540 1646 rebuS,
555 1597 625 1652 opes
641 1596 807 1644 senescere,
823 1590 920 1634 contra
940 1579 1077 1636 Lacedae·

177 1659 336 1715 munierum
350 1676 483 1713 crescere
499 1657 625 1712 videret:
654 1656 735 1711 initio
757 1675 822 1712 cum
844 1657 985 1712 Pisandro
1005 1675 1077 1731 prae·

177 1747 248 1806 tore,
263 1737 310 1810 qui
325 1736 400 1810 apud
415 1737 532 1791 Samum
547 1734 705 1790 exercitum
719 1733 850 1803 habebat,
864 1753 917 1810 per
930 1735 1077 1792 internun-

178 1816 233 1872 tios
248 1815 424 1888 colloquitur,
436 1826 465 1870 et
478 1815 514 1869 de
529 1813 621 1868 reditu
635 1830 687 1868 suo
702 1812 770 1868 facit
780 1813 964 1868 mentionem.
1006 1814 1078 1870 Erat

179 1893 256 1950 enim
271 1894 382 1962 eodem,
392 1911 446 1966 quo
463 1891 638 1959 Alcibiades,
648 1909 746 1958 sensu,
759 1891 858 1965 populi
873 1892 1007 1964 potentiae
1018 1909 1077 1949 nou

139 1977 158 2029 4
179 1973 297 2041 amicus
313 1983 342 2028 et
355 1973 520 2045 optimatum
531 1970 630 2025 fautor.
666 1968 710 2024 Ab
724 1968 780 2023 hoc
792 1969 943 2024 destitutus
954 1970 1078 2043 primum

178 2070 230 2125 per
254 2050 475 2123 Thrasybulum,
501 2047 575 2121 Lyci
600 2046 698 2114 filium,
723 2049 758 2102 ab
778 2047 906 2105 exercitu
929 2046 1077 2121 recipitur,

178 2138 333 2203 praetorque
358 2128 388 2181 lit
410 2126 485 2198 apud
510 2126 643 2181 Samum:
673 2135 747 2196 post,
768 2125 941 2199 suffragante
966 2125 1078 2182 Thera-

177 2210 271 2271 mene,
295 2204 468 2278 populiscito
496 2202 659 2268 restituitur,
688 2202 804 2274 parique
827 2204 931 2258 absens
956 2203 1078 2277 imperio

139 2289 157 2339 5
178 2281 330 2357 praeficitur
342 2281 425 2335 simul
438 2299 502 2334 cum
517 2279 699 2351 Thrasybulo
712 2290 740 2334 ct
751 2280 943 2336 Theramene.
966 2281 1078 2338 Horum

178 2360 209 2414 iu
225 2358 344 2431 imperio
367 2361 443 2412 tanta
457 2358 638 2411 commutatio
652 2376 746 2412 rerum
770 2358 845 2414 sacta
866 2370 920 2428 est,
933 2370 964 2414 ut
985 2359 1078 2416 Lace·

179 2436 319 2504 daemonii,
341 2435 388 2508 qui
412 2436 508 2508 paullo
530 2446 594 2490 aute
610 2435 733 2490 victores
755 2437 911 2511 viguerant,
936 2437 1079 2510 perterriti

178 2533 280 2590 pacem
293 2525 433 2587 peterent.
476 2514 554 2570 Victi
569 2514 645 2569 enirn
660 2525 741 2569 eraut
754 2515 877 2587 quinque
898 2515 1007 2587 proeliis
1023 2526 1078 2571 ter-

179 2593 325 2662 restribuS,
349 2593 438 2650 tribus
460 2593 618 2660 navalibus
643 2592 672 2647 in
700 2591 802 2664 quibus
825 2592 963 2648 ducentas
987 2612 1078 2650 naves

178 2673 309 2728 triremes
324 2672 487 2740 amiserant,
501 2690 562 2744 quae
578 2681 667 2744 captae
687 2671 717 2726 in
738 2669 861 2726 hostium
876 2681 1015 2726 venerant
1028 2690 1078 2745 po·

140 2753 158 2806 6
179 2761 320 2807 testatem.
362 2749 530 2806 Alcibiades
551 2748 636 2804 simul
651 2767 715 2803 cum
730 2748 851 2822 collegis
867 2760 1018 2822 receperat
1032 2750 1079 2806 Io·

178 2830 265 2896 niam,
290 2828 522 2901 Hellespontum,
547 2827 649 2881 multas
674 2838 811 2899 praeterea
835 2827 920 2881 urbes
950 2826 1079 2896 Graecas,

179 2923 239 2976 quae
260 2905 290 2959 in
304 2923 354 2958 ora
374 2905 435 2959 sitae
450 2913 515 2958 sunt
538 2903 625 2970 Asiae,
640 2922 757 2974 quarum
782 2914 977 2978 expugnarant
1002 2923 1079 2960 com·

178 2982 285 3054 plureS,
299 2982 330 3036 in
350 2980 396 3036 his
411 2979 595 3054 Byzantium3
617 2999 710 3052 neque
726 2982 819 3037 minus
838 2983 940 3037 multas
956 2983 1080 3039 consilio

179 3059 214 3115 ad
243 3059 397 3114 amicitiam
421 3058 617 3132 adjunxerant,
642 3059 716 3130 quod
744 3059 774 3114 in
802 3072 900 3134 captos
926 3061 1081 3117 clementia

139 3134 290 3194 'liuerant
313 3136 368 3191 usi.
423 3136 467 3191 Ita
490 3135 585 3207 praeda
607 3136 710 3203 onusti,
737 3138 911 3211 locupletato
941 3139 1080 3209 exercitu,

178 3214 310 3270 maximis
325 3214 409 3269 rebus
424 3214 524 3286 gestie,
539 3212 668 3268 Athenas
684 3226 830 3270 venerunt.

142 3295 156 3348 1
219 3291 272 3347 Vl.
295 3291 351 3346 His
373 3310 457 3362 quum
472 3291 583 3345 obviam
604 3292 740 3347 universa
761 3292 862 3349 civitas
887 3293 917 3348 in
938 3293 1081 3350 Piraet'eum

179 3368 390 3436 descendisset,
399 3379 476 3423 tanta
490 3367 542 3424 suit
553 3368 677 3424 omnium
689 3371 867 3444 exspectatio
876 3371 990 3427 visendi
1000 3371 1081 3427 Alci-

178 3446 281 3513 biadis,
292 3457 323 3501 ut
337 3446 372 3501 ad
388 3447 449 3520 ejus
464 3447 608 3502 triremem
617 3447 718 3520 vulgus
735 3449 901 3517 conflueret,
911 3449 1032 3522 proinde
1044 3467 1080 3505 ac

140 3527 158 3581 2
180 3523 206 3580 si
218 3525 297 3579 solus
307 3524 482 3579 advenisset.
515 3524 566 3580 Sic
579 3523 655 3579 euim
669 3526 774 3598 populo
789 3537 849 3582 erat
862 3527 1081 3601 persuasumst

180 3601 316 3660 adversas
326 3602 499 3679 superiores,
509 3612 537 3658 et
551 3612 708 3676 praesentes
718 3605 860 3660 secundas
875 3623 922 3661 res
933 3603 1080 3663 accidisse
