2474 4080
177 250 221 313 ro
420 241 514 307 xm.
542 249 571 306 1.
613 241 834 323 (nmina.)

176 394 276 467 Itaque
305 389 456 458 Chabrias,
479 388 573 463 quoad
597 389 626 446 ei
648 388 764 457 licebat,
787 387 942 462 plurimum
968 390 1069 467 aberat

139 472 280 544 ⁴Neque
306 487 377 526 vero
404 468 483 524 solus
510 467 560 524 ille
589 468 687 524 aberat
712 465 836 522 Athenis
862 465 999 536 libenter,
1018 464 1078 525 aad

177 567 278 606 omnes
302 547 362 603 sere
387 545 534 620 principes
558 544 690 601 fecerunt
710 543 804 612 idem;
825 544 902 617 quod
920 555 1032 601 tantum
1044 564 1077 603 se

178 629 213 684 ab
235 625 344 682 invidia
369 624 505 699 putabant
531 623 685 691 abfuturos,
712 632 846 695 quantum
874 640 892 678 a
918 632 1078 699 conspectu

179 723 294 761 suorum
315 701 518 758 recessissent.
567 702 666 774 Itaque
689 700 790 756 Conon
809 700 963 773 plurimum
987 700 1077 775 Cypri

179 782 258 850 vixit,
282 780 442 855 Iphicrates
463 779 493 834 in
507 778 643 847 Thracia,
658 777 829 834 Timotheus
849 777 950 846 Lesbi,
966 778 1078 835 Chares

179 860 209 916 in
224 859 322 934 Sigeo.
364 856 524 914 Dissimilis
538 856 654 931 quidem
668 857 781 913 Chares
795 854 896 912 horum
910 867 940 911 et
950 856 1037 912 sactis
1050 864 1079 913 ot

178 938 322 1004 moribus;
344 935 397 991 sed
410 945 505 991 tamen
520 934 643 991 Athonis
658 945 687 990 et
700 934 853 990 honoratus
869 944 899 990 et
911 944 1027 1009 potens.
1043 996 1046 1001 ,

143 1020 157 1074 l
219 1015 272 1071 IV.
315 1012 454 1070 Chabrias
477 1025 571 1069 autem
594 1011 681 1087 periit
703 1012 780 1067 bello
795 1010 898 1067 sociali
912 1012 964 1067 tali
984 1010 1077 1068 modo.

181 1092 390 1166 oppugnabant
403 1089 599 1147 Athenienses
615 1090 729 1147 Chium.
761 1090 832 1147 Erat
846 1089 875 1146 in
890 1089 988 1157 classe
1003 1089 1079 1147 Cha·

179 1171 256 1226 brias
271 1168 407 1242 privatus,
422 1167 474 1224 sed
494 1187 603 1238 omnes,
617 1168 665 1242 qui
678 1168 709 1224 in
722 1166 888 1242 magistratu
903 1178 993 1237 erant,
1014 1185 1079 1225 auc·

180 1247 292 1303 toritate
307 1245 441 1314 anteibat,
462 1264 582 1320 eumque
602 1245 696 1321 magis
709 1246 827 1314 milites,
840 1264 925 1319 quam
939 1246 989 1320 qui
1008 1264 1080 1320 pne·

141 1329 272 1393 2erant,
295 1323 502 1398 adspiciebant.
554 1326 627 1389 Quae
650 1342 698 1381 res
721 1324 749 1381 ei
776 1323 927 1381 maturavit
950 1334 1078 1381 mortem.

182 1401 259 1459 Nam
272 1401 340 1458 dum
358 1401 466 1475 primus
480 1402 575 1458 studet
594 1412 704 1477 portum
721 1402 835 1471 intrare,
850 1403 1080 1477 gubernatorem·

181 1498 236 1553 que
258 1480 339 1555 jubet
362 1497 397 1535 eo
411 1479 534 1554 dirigere
548 1499 662 1550 navem,
686 1481 750 1555 ipse
773 1481 829 1537 sibi
852 1479 996 1555 perniciei
1018 1479 1079 1537 suit.

183 1558 279 1622 Quum
302 1555 379 1613 enim
403 1575 438 1612 eo
462 1569 652 1632 penetrasset,
679 1573 782 1615 ceterae
802 1577 861 1615 non
874 1569 942 1615 sunt
963 1562 1079 1615 secuta.

183 1635 249 1700 Quo
263 1635 338 1691 facto
349 1634 538 1692 circumfusus
546 1635 671 1694 hostiurn
680 1655 822 1693 concursu
830 1653 916 1710 quum
925 1634 1080 1693 fortissime

144 1716 162 1770 3
183 1722 330 1788 pugnaret,
350 1712 441 1782 navis,
462 1726 553 1771 rostro
577 1733 725 1789 percussa,
741 1714 828 1790 coepit
852 1715 959 1771 sidere.
1001 1713 1080 1771 Hinc

181 1790 313 1866 refugere
334 1809 420 1864 quum
443 1803 551 1866 posset,
573 1792 599 1849 si
621 1812 654 1849 se
678 1793 709 1850 in
721 1811 800 1849 mare
814 1793 983 1868 dejecisset,
1007 1791 1083 1866 quod

182 1870 297 1926 suberat
317 1869 422 1943 classis
442 1871 672 1939 Atheniensium,
686 1890 749 1945 quae
770 1871 919 1945 exciperet
931 1881 1082 1939 natantes3

181 1948 275 2022 perire
296 1947 404 2016 maluit,
425 1967 508 2021 quarn
533 1949 619 2004 armis
642 1949 763 2024 abjectis
785 1967 888 2004 navem
908 1948 1083 2021 relinquere,

181 2023 213 2081 in
234 2044 288 2099 qua
302 2025 394 2081 fuerat
413 2037 523 2082 vectus.
564 2028 599 2084 Id
620 2028 710 2084 ceteri
734 2027 831 2083 facere
852 2026 1015 2095 noluerunt,
1033 2025 1083 2100 qui

203 2127 241 2165 ³50
299 2102 394 2158 nando
408 2103 438 2158 in
458 2114 548 2159 tutum
569 2116 769 2179 pervenerunt.
810 2106 849 2161 At
872 2105 932 2173 ille,
945 2113 1084 2178 praestare

184 2184 204 2214 ⁸·
217 2174 275 2214 Μ·
299 2178 450 2235 honestam
475 2194 594 2238 mortem
619 2184 787 2239 existimans
811 2182 885 2257 turpi
907 2182 981 2251 vitae,
1006 2198 1085 2239 com·

180 2253 275 2312 minus
288 2273 419 2330 pugnans
432 2257 500 2314 telis
514 2257 639 2316 hostium
652 2261 819 2318 interfectus
834 2271 879 2317 est

304 2607 457 2684 XIII.
511 2611 946 2687 TIMOTHEUS.

543 2809 710 2820 ———-t

468 2933 778 2993 ARGUMENTUM.

182 3054 278 3114 cAP.
294 3057 321 3114 Ι.
343 3059 420 3134 Ejus
432 3063 549 3119 virtutes
562 3075 588 3119 et
599 3062 684 3141 facto
695 3065 799 3122 bellica.
840 3064 886 3122 ΙΙ.
907 3064 979 3142 Ipsi,
993 3064 1084 3122 Locc-

218 3135 408 3193 doemom'orum
428 3140 533 3209 victori,
547 3152 642 3198 statua
660 3145 784 3218 ponitur.
825 3142 888 3198 ΙΙΙ.
914 3144 1006 3200 Scaea
1021 3143 1083 3199 Ma-

217 3213 327 3271 aertbea
336 3218 450 3290 pretori
460 3220 490 3273 ia
504 3220 646 3276 canalium
660 3222 752 3277 dator.
772 3222 801 3276 A
818 3221 944 3290 Charete,
953 3232 1082 3298 pretore,

219 3303 367 3348 accusatus
390 3293 546 3351 damnator.
588 3296 608 3354 I
610 3298 644 3354 V.
666 3297 760 3355 Filios
781 3299 841 3373 ejus
866 3297 963 3355 Conon
987 3317 1082 3355 muros

216 3369 325 3448 reficere
336 3373 451 3446 cogitur.
488 3372 652 3449 Singularis
665 3379 791 3434 amicitia
803 3379 987 3434 testimoninm
997 3376 1081 3433 Jcso·

217 3448 264 3503 nio
276 3466 343 3523 ergo
361 3447 539 3507 Timotheum.

139 3575 155 3635 Ι
216 3573 243 3635 1.
282 3575 462 3649 Timotheus,
485 3579 613 3638 Cononis
634 3582 720 3653 filius,
741 3582 940 3643 Atheniensis.
981 3581 1043 3641 Hic
1061 3554 1102 3639 a·
