2474 4080
389 225 511 291 xvrn.
554 235 585 293 a.
628 226 823 312 (numm.)
1014 239 1054 296 ra

148 381 296 450 metimur,
310 398 368 438 non
383 379 506 438 fortuna.
548 380 626 437 Nam
640 400 731 456 quum
745 392 814 440 aetas
828 383 893 457 ejus
907 384 1054 441 incidisset
1075 389 1094 442 2

149 461 181 518 in
194 479 230 517 ea
251 469 390 534 tempora,
405 460 510 534 quibus
533 458 705 516 Macedones
726 461 867 527 florerent,
883 463 1006 519 multum
1027 464 1055 520 ei

148 539 274 599 detraxit
294 539 371 594 inter
394 537 445 594 hos
459 538 576 605 viventi,
598 538 672 610 quod
697 539 800 594 alienae
824 549 886 595 erat
908 541 1031 598 civitatis
1042 560 1052 613 3

148 635 245 692 neque
260 615 339 672 aliud
360 615 429 671 huic
450 613 558 685 defuit;
581 633 668 689 quarn
691 635 830 692 generosa
854 619 948 694 stirps.
990 619 1054 677 Etsi
1074 621 1095 679 ⁸

147 695 200 752 ille
224 694 379 751 domestico
392 711 505 749 summo
525 711 632 768 genere
657 705 734 750 erat:
760 705 856 750 tamen
882 695 1054 754 Macedones

148 791 218 830 eum
242 772 297 828 sibi
321 770 475 846 aliquando
499 772 631 846 anteponi
652 772 769 847 indigne
791 770 937 844 ferebant3
960 793 1053 850 neque

148 859 248 908 tamen
272 867 329 906 non
353 849 543 925 patiebantur.
584 848 728 906 Vincebat
752 851 829 906 enim
854 870 952 908 omnes
972 872 1053 923 cura,

149 928 309 1004 vigilantia,
325 927 469 1002 patientia,
484 927 641 984 calliditate
656 937 685 983 et
694 927 839 984 celeritate
854 929 973 1004 ingenii.
996 931 1053 990 Hic
1074 937 1094 990 4

149 1005 434 1082 peradolescentulus
446 1005 481 1061 ad
492 1006 647 1061 amicitiam
660 1007 782 1062 accessit
795 1005 927 1083 Philippi,
941 1009 1053 1082 Amyn.

148 1093 186 1141 tar
199 1084 261 1154 filii,
278 1084 417 1159 brevique
432 1093 558 1157 tempore
573 1084 602 1138 in
616 1084 745 1139 intimam
762 1087 891 1158 pervenit
907 1084 1053 1143 familiari-

147 1171 247 1219 tatem.
300 1161 445 1236 Fulgebat
469 1161 549 1216 enirn
568 1161 629 1236 jam
654 1161 682 1216 in
709 1161 921 1219 adolescentulo
945 1165 1054 1222 indoles

147 1241 271 1297 virtutis.
314 1239 415 1314 Itaque
439 1257 507 1295 eurn
533 1240 631 1297 habuit
650 1239 685 1294 ad
710 1258 827 1296 manum
848 1243 951 1299 scribae
973 1242 1092 1300 loco:5

148 1318 224 1393 quod
238 1318 328 1375 multo
342 1317 418 1392 apud
441 1316 544 1373 Graios
564 1317 796 1374 honorificentius
810 1328 861 1387 est,
876 1338 962 1393 quam
978 1321 1053 1396 apud

148 1395 304 1453 Romanos.
346 1395 425 1452 Nam
441 1394 515 1470 apud
530 1413 589 1464 nos,
606 1413 707 1451 revera
721 1396 795 1452 sicut
816 1408 890 1465 sunt,
906 1417 1052 1454 mercena-

149 1474 184 1530 rii
199 1474 536 1543 scribae'existimantur;
560 1482 587 1529 at
605 1474 681 1547 apud
703 1473 766 1529 illos
779 1494 795 1530 e
810 1477 953 1532 contrario
967 1495 1051 1533 nemo

148 1552 185 1609 ad
199 1552 227 1608 id
241 1551 368 1609 officium
384 1551 550 1619 admittitur,
565 1552 620 1606 nisi
635 1551 750 1607 honesto
764 1551 835 1620 loco,
851 1563 877 1609 et
896 1554 951 1609 lide
966 1564 994 1610 et
1009 1555 1049 1609 in-

146 1629 259 1687 dustria
273 1631 406 1706 cognita:
427 1628 502 1704 quod
523 1622 645 1685 'necesse
660 1638 703 1685 est
724 1631 853 1686 omnium
867 1633 1051 1687 consiliorum

147 1726 215 1765 eum
230 1727 294 1764 esse
308 1708 486 1783 participem.
518 1706 607 1763 Hunc
622 1707 717 1764 locum
729 1709 819 1764 tenuit
830 1710 964 1765 amicitiae
976 1710 1050 1783 apud
1072 1714 1090 1766 6

147 1785 312 1862 Philippum
328 1804 417 1842 annos
429 1795 548 1860 septem.
591 1784 644 1841 Illo
666 1784 825 1854 interfecto,
841 1786 939 1842 eodem
959 1787 1052 1862 gradu

148 1863 203 1921 fuit
230 1864 306 1940 apud
337 1863 538 1920 Alexandrum
567 1881 656 1919 annos
684 1862 831 1919 tredecim.
887 1863 1052 1920 Novissimo

146 1952 273 2018 ternpore
288 1940 402 2018 praefuit
421 1941 508 1998 etiam
530 1940 628 1997 alterae
642 1942 770 2015 equiturn
786 1942 848 2010 alae,
867 1960 933 2016 quae
955 1941 1050 1998 Hetae-

147 2021 209 2077 rice
231 2021 439 2096 appellabatur.
482 2018 604 2093 Utrique
627 2030 724 2075 autern
749 2019 777 2073 in
799 2021 917 2076 consilio
939 2038 1052 2095 semper

147 2098 239 2167 affuit,
255 2109 284 2155 et
297 2099 424 2155 omniurn
440 2115 538 2153 rerum
556 2098 669 2153 habitus
683 2107 725 2153 est
740 2099 891 2173 particeps.

186 2175 224 2234 II.
247 2176 416 2232 Alexandro
431 2175 580 2248 Babylone
595 2187 813 2250 mortuo,quum
829 2194 918 2252 regna
929 2177 1051 2252 singulis
1073 2181 1087 2234 1

148 2253 340 2312 familiaribus
360 2254 587 2329 dispertirentur,
603 2263 630 2309 et
650 2273 764 2311 summa
779 2273 876 2310 rerum
891 2256 994 2312 tradita
1009 2275 1050 2311 es-

148 2343 192 2390 set
206 2331 313 2389 tuenda
327 2332 428 2401 eidem,
441 2332 490 2389 cui
506 2330 673 2388 Alexander
682 2333 805 2388 moriens
815 2334 955 2389 annulum
964 2353 1050 2389 suurn

147 2410 274 2480 dederat,
303 2410 466 2467 Perdiccae:
498 2427 534 2465 ex
562 2427 619 2484 quo
645 2429 743 2466 omnes
767 2411 957 2485 conjecerant,
983 2416 1090 2467 eum2

147 2507 271 2564 regnum
285 2489 312 2545 ei
333 2487 555 2554 commendasse,
571 2487 662 2561 quoad
685 2489 768 2544 liberi
782 2489 845 2562 ejus
866 2489 895 2543 in
910 2509 992 2545 suam
1007 2499 1049 2543 tu-

147 2567 236 2623 telam
245 2567 440 2642 pervenissent
451 2567 465 2621 :⁴
473 2565 606 2641 (aberant
614 2567 690 2621 enirn
701 2566 839 2622 Craterus
850 2575 878 2621 et
889 2567 1049 2638 Antipater,

148 2646 198 2720 qui
213 2644 381 2701 antecedere
391 2645 474 2700 'hunc
490 2641 676 2699 videbantur:
698 2653 827 2698 mortuus
841 2652 901 2697 erat
913 2642 1049 2715 Hephaes-

148 2724 196 2792 tio,
211 2741 298 2797 quem
318 2741 408 2778 unum
424 2719 599 2788 Alexander,
617 2721 691 2795 quod
709 2720 793 2777 facile
819 2719 939 2792 intelligi
948 2727 1049 2793 posset,

148 2800 267 2877 plurimi
282 2799 392 2857 fecerat
402 2800 426 2876 3)
442 2801 495 2857 hoc
517 2809 643 2872 ternpore
658 2800 723 2854 data
738 2809 780 2855 est
800 2792 925 2854 Eumeni
940 2796 1049 2871 Cappa-

148 2878 240 2947 docia,
258 2879 319 2935 sive
334 2880 426 2953 potius
447 2878 532 2935 dicta.
577 2877 655 2934 Nam
670 2888 731 2934 tum
746 2877 775 2931 in
790 2876 912 2932 hostiurn
927 2884 989 2930 erat
1003 2893 1049 2948 po-

148 2966 258 3014 testate.
302 2956 391 3013 Hunc
405 2957 458 3012 sibi
473 2955 626 3014 Perdiccas
642 2955 810 3030 adjunxerat
829 2971 933 3028 magno
947 2953 1048 3021 studio,
1071 2957 1088 3010 3

148 3035 223 3110 quod
246 3036 275 3090 in
297 3035 411 3092 homine
428 3035 513 3091 fidem
528 3045 556 3091 et
578 3033 746 3090 industriam
768 3049 904 3107 magnam
919 3031 1048 3087 videbat:

149 3131 202 3170 non
219 3113 362 3181 dubitans,
378 3114 402 3169 si
426 3131 493 3168 eum
509 3113 679 3187 pellexisset,
702 3127 806 3184 magno
828 3109 893 3164 usui
919 3108 977 3164 sore
997 3110 1050 3165 sibi

149 3193 177 3247 in
193 3193 237 3248 his
252 3192 348 3259 rebus
364 3210 435 3266 quas
450 3191 615 3265 apparabat.
638 3188 884 3262 Cogitabatenim,
900 3187 973 3261 quod
991 3186 1049 3242 fere

148 3289 246 3326 ornnes
260 3271 290 3324 in
307 3271 419 3344 magnis
436 3270 563 3342 imperiis
578 3266 791 3340 concupiscunt,
807 3265 933 3319 omniurn
956 3276 1050 3338 partes

149 3351 293 3424 corripere
317 3358 402 3420 atque
423 3346 584 3420 complecti.
626 3343 731 3417 Neque
746 3361 813 3397 vcro
836 3342 889 3397 hoo
910 3342 958 3397 ille
973 3344 1050 3397 solus
1071 3347 1087 3397 4

150 3426 222 3495 fecit,
239 3426 289 3483 sed
314 3426 403 3480 ceteri
425 3442 538 3498 qnoque
552 3440 659 3487 omnes,
675 3421 724 3495 qui
750 3418 910 3475 Alexandri
938 3419 1050 3474 fuerant

149 3507 244 3562 amici.
299 3502 414 3558 Primus
437 3501 603 3558 Leonnatus
628 3498 825 3555 Macedoniarn
848 3514 1050 3570 praeoccupare

149 3582 352 3643 destinaverat.
404 3579 463 3638 Hic
487 3577 585 3636 multis
611 3576 780 3713 apagnisque
802 3573 1052 3650 pollicitationibus
