2474 4080
369 258 460 325 xvr.
506 264 533 322 1.
579 256 788 341 (aeratas.)
979 262 1050 322 xaa

147 432 231 472 orum
246 432 282 471 ex
297 431 364 471 arce
379 412 562 489 expulerunt,
578 411 802 488 Epaminondas,
821 410 960 486 quamdiu
975 409 1053 470 facta

148 503 192 550 est
215 493 309 549 caedes
333 493 453 560 civium,
476 491 558 546 domo
581 510 612 547 se
633 491 744 547 tenuit:
764 491 839 564 quod
853 509 947 565 neque
961 490 1053 548 malou

147 570 301 628 defendere
316 571 438 638 volebat,
455 587 549 643 neque
565 570 744 644 impugnare,
759 587 796 624 ne
816 587 920 625 manus
933 587 1053 625 auorum

147 649 290 726 sanguine
304 657 480 706 cruentaret.
522 646 659 721 Namque
673 665 787 702 omnem
808 647 924 703 civilem
939 647 1053 703 victori-

148 746 196 784 am
211 725 355 783 funestam
370 726 499 803 putabat.
539 724 627 793 Idem,
643 735 792 800 postquam
807 724 882 800 apud
896 724 1053 781 Cadmeam

147 822 217 862 oum
231 804 458 861 Lacedaemoniis
469 804 593 878 pugnari
607 812 735 878 coeptum
744 813 801 871 -est,
811 804 840 858 in
856 803 955 877 primis
964 803 1050 859 stetit.

148 883 247 958 Hujus
271 883 306 939 de
326 883 482 939 virtutibus
502 882 619 955 vitaque
642 881 711 937 satis
736 882 790 937 erit
812 882 931 948 dictum,
953 881 977 937 si
999 881 1053 938 hoc
1073 884 1093 938 4

149 979 240 1016 unum
255 961 421 1035 adjunxero,
435 959 510 1034 quod
524 977 608 1015 nemo
617 969 665 1015 eat
678 959 793 1028 infitiaS,
810 958 929 1015 Thebas
943 968 970 1015 et
986 970 1051 1015 ante

148 1038 378 1114 Epaminondam
399 1049 510 1106 natum,
525 1047 554 1093 et
577 1047 640 1112 post
659 1037 722 1110 ejus
737 1037 893 1104 interitum,
917 1046 1054 1111 perpetuo

148 1118 242 1174 alieno
263 1117 393 1192 paruisse
414 1117 552 1192 imperio;
576 1126 676 1171 contra
691 1135 734 1183 ea,
750 1116 889 1190 quamdiu
912 1115 960 1171 ille
982 1133 1053 1190 prae-

148 1193 235 1253 fuerit
249 1194 424 1270 reipublicae,
440 1204 529 1268 caput
543 1192 631 1250 fuisse
648 1195 733 1250 totius
754 1193 886 1250 Graeciae.
929 1193 976 1249 Ex
997 1212 1054 1268 quo

147 1275 270 1350 intelligi
292 1283 391 1348 potest,
407 1291 498 1328 unum
520 1273 664 1328 hominem
678 1272 778 1347 pluris,
793 1291 883 1348 quam
897 1272 1052 1341 civitatem,

148 1352 248 1410 fuisse.

298 1741 435 1816 XVI.
500 1741 913 1816 PELOPIDAS.

186 2051 210 2109 I.
233 2049 397 2124 Pelopidae,
417 2049 572 2119 Thebanus,
588 2051 680 2126 magis
695 2051 845 2117 historicis,
857 2070 943 2124 quam
956 2051 1053 2127 vulg0,
1075 2055 1090 2108 l

146 2140 240 2186 notua.
282 2129 376 2204 Cujus
396 2130 431 2186 de
455 2130 608 2186 virtutibus
627 2130 724 2186 dubito
745 2129 985 2204 quemadmodum
1006 2149 1053 2186 ex-

147 2228 263 2284 ponam,
278 2208 352 2282 quod
368 2226 478 2276 vereor,
495 2227 540 2276 ne,
556 2209 580 2264 si
602 2226 648 2264 res
669 2208 815 2283 explicare
836 2209 982 2284 incipiam,
998 2227 1053 2265 non

147 2289 236 2342 vitam
257 2287 321 2361 ejus
340 2305 488 2352 enarrare,
504 2287 552 2342 sed
572 2286 719 2342 historiam
738 2287 837 2343 videar
857 2288 1005 2358 scribere3
1029 2288 1054 2359 si

147 2364 342 2421 tantummodo
366 2383 496 2421 summas
524 2365 653 2438 attigero,
679 2384 715 2421 ne
744 2366 864 2422 rudibus
893 2366 1054 2421 litterarum

148 2443 319 2499 Graeearum
341 2444 437 2498 minus
458 2442 555 2499 lucide
581 2453 726 2517 appareat,
742 2454 868 2517 quantus
893 2443 981 2499 fuerit
1002 2443 1052 2499 ille
1132 2442 1135 2448 ’

147 2521 202 2576 vir.
244 2519 344 2595 ltaque
360 2522 473 2595 utrique
495 2522 537 2578 rei
558 2539 720 2588 occurram,
737 2529 877 2594 quantum
898 2532 1003 2595 potero,
1025 2531 1054 2577 et

149 2598 282 2661 medebor
297 2618 386 2673 quum
398 2599 530 2667 satietati,
540 2609 602 2654 tum
612 2599 779 2674 ignorantiae
794 2598 945 2654 lectorum.
969 2598 1052 2654 Phoe-
1074 2603 1093 2655 2

148 2676 237 2745 bidas,
260 2675 508 2744 Lacedaemonius,
530 2696 620 2751 quum
643 2677 803 2732 exereitum
825 2675 987 2749 Olynthum
1002 2675 1052 2732 du·

147 2765 236 2821 aeret,
262 2756 372 2829 iterque
397 2773 448 2830 per
473 2754 590 2811 Thebas
611 2754 727 2822 faceret,
744 2772 841 2810 arcem
862 2752 966 2828 oppidi,
988 2771 1054 2826 quae

147 2833 275 2889 Cadmea
303 2834 476 2902 nominatur,
504 2834 659 2907 occupavit
690 2833 816 2908 impulsu
844 2849 1054 2908 perpaucorum

148 2911 363 2979 Thebanorum,
378 2912 438 2986 qui,
455 2911 628 2967 adversariae
653 2910 769 2967 factioni
790 2930 847 2985 quo
873 2910 989 2967 facilius
1010 2929 1052 2966 re-

147 2991 289 3057 sisterent,
306 2988 458 3064 ch'onum
473 2990 559 3044 rebus
573 2989 741 3046 studebant:
767 2989 852 3064 idque
867 3009 919 3046 suo
933 2990 1052 3065 privato,

147 3087 203 3124 non
219 3067 343 3141 publico,
360 3065 427 3124 fecit
442 3068 570 3123 oonsilio.
613 3067 680 3131 Quo
695 3064 769 3124 facto
783 3086 850 3123 eum
871 3066 1052 3124 Laeedaemo-
1075 3073 1093 3125 3

147 3148 187 3202 nii
203 3147 238 3201 ab
261 3147 391 3202 exercitu
407 3156 592 3201 removerunt
606 3147 787 3219 pecuniaque
806 3146 983 3202 multarunt:
1004 3165 1052 3202 ne-

147 3243 204 3298 que
229 3243 264 3280 eo
285 3225 378 3299 magis
403 3241 499 3279 arcem
521 3222 669 3279 Thebanis
684 3223 876 3291 reddiderunt,
892 3225 967 3298 quod
992 3243 1052 3280 sus-

146 3303 238 3377 ceptis
258 3302 417 3358 inimicitiis
431 3302 521 3357 satius
542 3301 685 3357 ducebant
699 3321 747 3358 eos
761 3302 892 3369 obsideri,
908 3321 995 3376 quam
1009 3303 1053 3356 ¹li-

147 3382 253 3437 berari.
296 3379 374 3435 Nam
397 3390 458 3453 post
478 3379 715 3454 Peloponnesium
741 3380 848 3435 bellum
865 3380 1053 3453 Athenasque
1103 3437 1104 3441 ,

146 3459 276 3515 devictas
290 3476 358 3514 cum
383 3457 532 3513 Thebanis
553 3458 607 3513 sibi
629 3475 690 3513 rem
712 3477 775 3513 esse
800 3457 1009 3524 existimabant,
1025 3468 1054 3512 et

146 3557 195 3594 eos
209 3555 273 3594 osse
294 3536 378 3603 soloe,
401 3535 452 3611 qui
476 3535 616 3591 adversus
640 3536 772 3592 resistere
797 3533 945 3590 auderent.
986 3533 1053 3591 Hac
1074 3540 1092 3593 4

146 3627 243 3674 mente
258 3613 361 3671 amicis
374 3614 433 3671 suis
447 3623 747 3749 summasapotestates
760 3611 906 3680 dederant,
922 3612 1052 3668 alterius·
