2474 4080
189 251 228 311 14
436 245 478 306 ΙΙ.
519 254 544 306 l.
581 247 839 323 (liter-trancas.)

190 391 342 459 *oluntate,
358 408 476 462 eamque
497 401 667 464 potestatem
686 389 812 446 bonitate
826 389 975 446 retinebat.
1018 389 1086 446 Om-

188 488 243 525 nes
258 479 352 523 autem
366 478 393 523 et
407 468 545 524 habentur
560 480 589 523 et
602 468 733 523 dicuntur
745 468 867 541 tyranni,
881 468 929 542 qui
944 478 1085 542 potestate

151 552 169 605 4
190 557 256 603 sunt
268 556 406 620 perpetua
419 546 449 601 in
464 564 500 601 ea
514 546 638 613 civitate,
652 564 715 620 quae
729 546 859 601 libertate
873 565 926 601 usa
940 556 994 602 est.
1025 546 1086 602 Sed

189 625 220 681 in
234 623 366 680 Miltiade
378 634 438 679 erat
452 642 537 696 quum
548 642 657 679 summa
670 623 841 691 humanitas,
852 634 911 679 tum
923 622 996 679 mira
1010 642 1086 679 coru·

188 701 338 770 munitas?
352 710 383 757 ut
396 719 481 757 nemo
499 712 558 757 tam
577 701 693 757 humilis
715 711 803 769 esset,
819 700 865 757 cui
885 719 943 757 non
963 701 999 757 ad
1020 720 1087 758 eum

189 780 283 836 aditus
303 788 431 853 pateret;
452 798 555 853 magna
570 779 722 835 auctoritas
738 779 812 853 apud
828 797 928 835 omnes
943 778 1085 847 civitatee,

189 858 284 914 nobile
298 875 412 925 nomen,
427 858 489 912 laus
504 857 547 913 rei
560 857 691 913 militaris
705 857 838 915 maxima.
876 856 949 913 Haec
963 857 1085 931 populus

189 935 350 1009 respiciens
365 936 463 991 maluit
477 954 543 991 eum
556 935 704 991 innoxium
721 934 818 1009 plecti,
833 952 917 1007 quam
931 954 964 991 se
979 934 1085 991 diutius

190 1033 257 1070 esse
271 1013 301 1069 in
315 1014 425 1070 timore.

246 1268 309 1341 ΙΙ.
355 1266 985 1342 THEMISTOGLES.

463 1534 773 1593 ARGUMENTUM.

193 1678 288 1736 CAP.
300 1678 325 1735 I.
341 1678 510 1735 Adolescens
519 1678 631 1735 liberius
638 1681 716 1735 vivit.
735 1679 929 1738 Exheredatua
936 1682 1049 1759 reipubl.
1056 1704 1086 1741 ae

229 1758 312 1814 dedit.
354 1756 397 1813 II.
423 1757 526 1813 Clarus
544 1757 686 1833 Corcyreo
700 1768 726 1813 et
743 1757 859 1815 Persico
878 1759 955 1817 bello.
997 1760 1085 1818 Inter·

224 1847 352 1914 pretatur
365 1836 503 1892 oraculum
516 1836 548 1891 de
561 1838 648 1892 meris
668 1837 769 1912 ligneis
783 1839 812 1893 in
833 1837 900 1893 belle
918 1837 1034 1895 Persico
1052 1839 1086 1896 II

228 1916 265 1972 ad
278 1915 428 1972 servandos
440 1934 532 1973 eornm
546 1916 626 1971 cives.
661 1914 723 1971 III.
747 1915 902 1972 Secundum
910 1917 1036 1992 pralium
1050 1918 1086 1974 ad

227 1996 416 2051 Artemisium.
458 1993 514 2050 IV.
544 1993 616 2050 Dolo
639 1992 761 2049 Xerxem
784 1995 869 2050 vineit
892 1994 977 2068 juxta
1003 1995 1085 2051 Sala-

227 2074 311 2129 mina.
351 2072 384 2128 V.
411 2072 520 2128 Gallido
529 2073 624 2127 nuntie
634 2070 755 2127 Xerxem
767 2072 936 2148 decipitque
949 2072 1085 2130 Granium

228 2150 335 2205 liberat.
380 2148 432 2204 VI.
453 2148 558 2205 Piraei
572 2159 683 2224 portum
704 2160 730 2205 et
750 2169 843 2207 meros
855 2151 1027 2208 Athenarum
1041 2172 1085 2209 en-

228 2228 322 2283 etrait.
361 2224 561 2283 Laeedamonii
573 2237 736 2302 repugnant.
775 2226 845 2284 VII.
866 2228 1086 2288 Lacedoemoniae

228 2314 288 2361 arte
300 2302 414 2371 deludit,
427 2322 523 2379 eosque
536 2305 714 2381 reprehendit.
759 2304 846 2362 VIII.
872 2306 1042 2365 Ostraeiemo
1054 2311 1085 2365 in

228 2380 354 2439 eaeilium
371 2381 480 2455 ejectus,
494 2384 573 2439 varia
584 2380 664 2459 fuga
682 2385 815 2459 agitatur.
857 2384 916 2443 IX.
937 2386 987 2443 Ad
999 2389 1085 2443 Arta·

227 2479 336 2517 neem
353 2459 462 2517 litterae
474 2460 524 2517 dat
535 2460 637 2519 saletis
650 2482 744 2518 eausa.
793 2462 835 2520 X.
855 2464 957 2521 Mettis
969 2466 1086 2523 munere

228 2536 328 2595 luent
341 2556 371 2595 eo
384 2550 507 2597 omnim.
547 2538 700 2617 Magnesia
714 2542 837 2599 moriter.

152 2688 165 2742 1
228 2683 253 2741 Ι.
294 2681 518 2753 Themistbclee,
533 2683 639 2741 Nebcli
652 2685 739 2754 filius,
753 2683 954 2742 Atheniensis.
988 2682 1084 2761 Hujus

190 2761 258 2819 vitia
268 2762 394 2819 ineuntis
406 2762 608 2821 adolescentiae
619 2763 731 2838 magnis
742 2773 808 2819 aunt
819 2762 970 2819 emendata
977 2761 1085 2819 virtuti-

191 2855 252 2909 bus,
263 2840 336 2897 adeo
346 2851 377 2896 ut
387 2838 560 2897 anteferatur
569 2840 637 2895 huie
647 2858 741 2907 nemo,
752 2840 837 2913 pauci
847 2858 932 2912 pares
944 2849 1084 2912 putentur.

149 2921 168 2974 2
191 2917 252 2973 Sed
265 2917 301 2973 ab
314 2916 395 2973 initio
410 2924 455 2971 eet
467 2915 645 2971 ordiendum.
674 2915 761 2970 Pater
775 2916 838 2987 ejus
853 2914 882 2969 N
884 2915 983 2969 adeles
997 2932 1085 2987 gene·

189 3010 273 3051 raeua
286 2990 349 3049 luit.
378 2992 408 3047 Ie
422 3009 541 3047 uxorem
554 2988 755 3045 Aehamanam
769 2990 862 3044 civem
876 2988 963 3055 duxit,
979 3006 1085 3063 exque

188 3086 273 3128 natue
292 3080 338 3127 eet
352 3067 579 3125 Themistocles.
620 3064 680 3132 Qui
700 3082 786 3138 quum
806 3065 900 3121 minua
922 3077 1002 3122 esset
1021 3084 1084 3141 pro·

188 3148 271 3205 batua
285 3145 459 3221 parentibus,
474 3144 550 3219 quod
565 3154 595 3202 et
612 3142 732 3200 liberius
744 3143 868 3212 vivebat,
883 3154 912 3200 et
924 3160 987 3200 rem
1004 3143 1084 3201 sami-

150 3230 169 3284 ὃ
189 3226 289 3283 liarem
303 3222 478 3299 negligebat,
492 3242 510 3279 a
529 3232 609 3297 petre
629 3220 820 3278 exheredatus
835 3232 889 3278 est.
930 3222 1004 3288 Quae
1017 3241 1085 3279 con-

190 3301 307 3361 tumelia
325 3319 384 3359 non
402 3300 488 3376 fregit
507 3318 582 3370 eum,
596 3298 650 3357 aed
670 3298 772 3355 erexit.
813 3298 889 3356 Nem
906 3318 992 3375 quum
1008 3300 1084 3377 judi·

190 3390 297 3449 casset,
310 3378 375 3437 eine
390 3396 500 3435 summa
517 3376 658 3435 industria
672 3394 730 3433 non
748 3394 837 3451 pesae
851 3396 915 3434 eam
929 3377 1085 3454 exstingui,

189 3468 278 3517 tetum
290 3476 324 3515 ee
337 3454 448 3515 dedidit
460 3454 634 3532 reipublice,
647 3453 814 3531 diligentius
827 3456 930 3514 amieis
947 3454 1086 3531 famaque

526 3594 715 3645 *naaman
