2474 4080
665 80 747 131 ,Γ

454 229 492 293 V.
533 239 558 293 1.
606 234 758 313 (Cimon.)
795 305 797 310 ,
1019 247 1060 302 25

158 375 280 450 gloriam
292 375 368 449 turpi
377 388 466 432 morte
482 378 644 434 maculavit.
681 380 738 436 Hic
753 400 839 452 quum
853 402 938 438 semr-
1000 410 1038 449 4⁶9

157 455 261 510 animis
277 455 314 510 de
328 455 434 527 templo
445 455 536 511 elatus
552 468 640 524 esset,
652 458 802 514 confestim
817 460 941 517 animam
978 468 998 496 ³·
1007 459 1030 498 ⁰·
1040 470 1061 498 ³³

157 532 274 587 efflavit.
317 533 407 606 Cujus
430 533 531 588 mortui
560 552 663 608 corpus
688 555 773 608 quum
801 538 903 592 eodem
930 540 1098 596 nonnulli5
1187 567 1189 570 ·

155 609 289 666 dicerent
312 609 410 665 inferri
439 623 579 683 oportere,
607 633 662 686 quo
687 613 727 681 hi,
751 615 798 686 qui
823 615 859 670 ad
886 617 1059 690 supplicium

156 699 258 744 essent
282 688 357 744 dati:
380 688 526 762 displicuit
546 690 684 763 pluribus,
705 703 733 746 et
754 694 852 765 procul
877 695 912 748 ab
933 713 968 750 co
993 695 1058 750 loco

61 783 64 789 ·
155 765 329 834 infoderunt,
357 784 412 839 quo
437 777 498 821 erat
522 780 657 824 mortuus
712 769 783 825 Inde
809 771 952 842 posterius
982 771 1056 849 [dei]

156 843 297 918 Delphici
319 862 458 918 responso
480 858 586 913 erutus,
601 859 685 920 atquc
708 847 810 902 eodem
829 848 895 903 loco
919 850 1058 923 sepultus,

154 922 206 979 ubi
219 921 309 977 vitam
322 932 466 996 posuerat.

448 1159 754 1174 ——.-—-—

370 1340 465 1445 t-,n
537 1343 841 1420 ernon„

543 1529 682 1541 —

450 1669 758 1729 ARGUMENTUM.

156 1786 253 1845 OAP.
269 1786 289 1843 Ι
289 1831 295 1842 .
311 1786 403 1842 Heres
405 1798 583 1862 paternorum
594 1789 762 1844 vinculorum
773 1790 806 1845 ab
815 1810 897 1846 acore
912 1791 1051 1849 liberatur.

194 1865 238 1922 ΙΙ.
260 1866 336 1939 Ejus
344 1868 461 1921 virtutes
471 1876 497 1920 et
511 1886 556 1921 res
567 1877 652 1940 gesta
663 1889 672 1922 :
687 1866 796 1923 Persas
806 1869 895 1923 eodem
906 1869 949 1924 die
960 1870 1054 1926 navali

192 1954 219 2000 et
243 1945 368 2000 terrestri
384 1944 481 2018 proelio
502 1946 597 1999 vincit.
648 1944 709 1999 III.
744 1944 915 2003 Ostraeismo
935 1947 1051 2020 ejicitur.

193 2022 351 2079 Revocutur
371 2041 466 2097 pacem
487 2042 546 2077 cum
565 2021 781 2078 Lacedaemoniis
801 2023 937 2081 conciliat.
981 2022 1052 2081 (litii
1125 2038 1149 2083 0

192 2102 315 2156 moritur.
357 2099 413 2155 IV.
442 2099 589 2156 Laudatur
601 2101 660 2173 ejus
671 2101 832 2156 liberalitas.

191 2255 216 2312 Ι.
239 2255 351 2322 Cimon,
361 2253 500 2309 Miltiadis
510 2255 595 2322 filius,
608 2254 804 2325 Atheniensis
817 2256 885 2312 duro
901 2256 1050 2313 admodum
1072 2262 1085 2316 1

151 2334 233 2390 initio
247 2351 317 2388 usus
333 2344 377 2387 cst
397 2332 610 2388 adolescentia.
652 2335 727 2388 Nam
747 2353 832 2406 quum
851 2346 931 2407 pater
986 2361 1023 2398 teo
1117 2370 1121 2378 ·

152 2413 214 2486 ejus
230 2410 310 2466 litem
323 2410 489 2465 aestimatam
504 2411 608 2484 populo
623 2412 736 2466 solvere
751 2430 806 2467 non
822 2413 928 2485 potuis·
966 2420 986 2446 ²·
995 2409 1019 2447 ⁰·
1028 2420 1049 2447 ¹¹·

152 2500 205 2557 set,
220 2491 256 2544 ob
271 2505 388 2559 eamque
405 2507 522 2542 causam
533 2489 563 2542 in
574 2489 697 2544 vinculis
712 2490 834 2561 publicis
850 2491 1045 2546 decessisset:

152 2567 256 2623 Limon
270 2565 372 2622 eadem
393 2566 523 2621 custodia
542 2567 699 2634 tenebatur,
716 2584 809 2637 neque
830 2567 943 2638 legibus
959 2567 1048 2623 Athe·

150 2644 294 2700 niensium
315 2643 404 2698 emitti
423 2653 541 2716 poterat,
556 2644 612 2698 nisi
633 2643 863 2716 pecuniamque
883 2654 964 2715 pater
977 2645 1047 2698 mul-

150 2733 224 2778 tatus
246 2732 315 2788 erat,
343 2722 489 2777 solvisset.
532 2721 666 2777 Habebat
690 2731 784 2775 autem
811 2720 841 2774 in
867 2720 1086 2778 matrimonio2

151 2817 277 2855 sororem
290 2816 455 2873 germanam
468 2818 558 2867 suam,
572 2799 686 2854 nomine
704 2798 869 2870 Elpinicen,
883 2814 940 2852 non
953 2797 1045 2871 magis

150 2895 255 2945 amore,
275 2894 359 2950 quam
377 2895 456 2933 more
478 2877 589 2932 ductus.
630 2876 707 2932 Nam
727 2874 953 2931 Atheniensibus
976 2874 1046 2931 licet

150 2955 252 3010 eodem
265 2965 344 3029 patre
358 2965 439 3010 natas
454 2972 558 3010 uxores
580 2953 696 3010 ducere.
738 2953 832 3028 Hujus
854 2953 982 3028 conjugii
997 2971 1045 3009 cu·
1066 2957 1084 3010 3

148 3032 232 3106 pidus
255 3032 365 3090 Callias
387 3033 510 3111 quidam,
524 3049 581 3087 non
601 3042 659 3087 tam
677 3050 845 3105 generosus
860 3050 943 3103 quam
957 3049 1045 3103 pecu·

148 3110 257 3179 niosus,
274 3111 321 3184 qui
344 3106 463 3184 magnas
484 3110 622 3183 pecunias
647 3127 684 3164 ex
704 3109 827 3164 metallis
848 3108 965 3176 fecerat,
986 3108 1045 3182 egit

149 3206 213 3244 cum
230 3190 360 3257 Cimone,
375 3198 405 3243 ut
427 3207 490 3243 cam
515 3187 570 3242 sibi
595 3205 712 3242 uxorem
734 3186 830 3242 daret:
852 3185 882 3241 id
906 3186 931 3240 si
954 3186 1044 3259 impe·

148 3275 261 3334 nasset,
276 3285 309 3322 se
323 3285 374 3341 pro
386 3266 436 3321 illo
449 3265 602 3338 pecuniam
617 3264 781 3319 soluturum.
817 3264 846 3319 ls
858 3281 943 3335 quum
957 3265 1044 3318 talem
1063 3266 1082 3320 ⁴

148 3343 340 3400 conditionem
350 3354 556 3417 aspernaretur,
568 3342 700 3414 Elpinice
710 3340 873 3412 negavit,sc
885 3357 1043 3413 passuram,

148 3420 288 3477 Miltiadis
307 3421 475 3495 progeniem
494 3419 524 3474 in
545 3419 669 3474 vinculis
685 3418 808 3490 publicis
828 3417 954 3484 interire,
974 3433 1043 3489 quo·

146 3497 224 3556 niam
247 3498 399 3573 prohibere
418 3506 527 3572 posset,
551 3515 641 3569 seque
663 3495 764 3553 Calliae
777 3503 934 3568 nupturam,
949 3493 976 3550 si
998 3511 1045 3563 eu,

147 3593 211 3651 qus
222 3575 417 3654 polliceretm,
430 3574 619 3650 prestitisset.
