2474 4080
196 264 239 324 or
379 258 502 323 xxia.
549 256 661 335 11'‚1‘r.
708 259 914 344 (nannum)

154 415 171 466 5
191 430 298 486 easque
318 414 348 468 in
363 431 432 468 vasa
447 412 547 469 fictilia
561 413 673 488 conjicis
716 413 831 470 Harum
850 433 940 489 quum
955 413 1095 475 confecia·

191 500 234 545 set
260 509 393 567 magnam
418 491 638 558 multitudinem,
654 491 699 547 die
724 493 794 567 ipso,
803 490 865 566 'quo
878 491 1019 555 ¹facturus
1032 504 1095 552 erat

191 568 295 624 navale
320 569 464 644 proelium,
480 567 643 625 classiarios
667 581 814 636 convocat,
830 571 932 645 hisque
954 573 1093 648 praecipit,

190 663 288 706 omnes
304 648 377 702 utin
393 665 479 701 unam
502 645 642 702 Eumenis
657 648 733 722 regis
752 660 926 705 concurrant
946 667 1061 719 navem,
1077 670 1094 707 a

190 725 293 780 ceteris
318 735 428 780 tanturn
453 726 522 780 satis
544 724 667 780 habeant
691 744 722 780 se
745 724 908 783 defendere.
949 725 981 782 Id
1006 726 1091 785 facile

151 805 168 857 6
190 802 253 857 illos
267 804 441 878 serpentium
457 803 638 859 multitudine
658 814 871 859 consecuturos.
916 803 979 860 Rex
995 818 1092 862 autern

189 880 219 934 in
233 898 290 953 qua
305 899 377 936 nave
394 880 554 948 veheretur,
572 892 602 937 ut
624 881 742 949 scirent,
757 900 788 937 se
815 880 981 953 facturum,
1005 902 1092 957 quem

188 959 212 1013 si
228 971 276 1014 aut
291 960 441 1033 cepissent,
457 969 507 1015 aut
527 957 746 1027 interfecissent,
763 977 868 1034 magno
882 960 927 1016 his
940 961 1092 1035 pollicetur

189 1037 305 1111 praemio
320 1035 390 1092 fore.

150 1117 164 1169 1
229 1114 279 1171 XI.
303 1113 370 1170 Tali
385 1113 576 1170 cohortatione
592 1114 715 1170 militurn
737 1112 824 1184 faeta,
839 1114 941 1171 classis
956 1116 993 1171 ab
1008 1117 1090 1175 utris·

188 1210 244 1265 que
269 1193 298 1246 in
324 1191 458 1266 proelium
483 1191 645 1248 deducitur.
688 1192 823 1255 Quarum
844 1193 907 1248 acie
927 1195 1089 1264 constituta,

188 1270 355 1343 priusquam
368 1270 485 1361 ‘gnum
508 1288 612 1346 pugnae
625 1270 751 1338 daretur,
766 1268 923 1339 Hannibal,
940 1280 972 1328 ut
993 1273 1090 1347 palam

188 1346 297 1403 faceret
320 1348 389 1416 suis,
416 1366 472 1422 quo
500 1347 562 1423 loco
584 1346 733 1404 Eumenes
754 1358 829 1404 esset
850 1348 1033 1405 tabellarium
1059 1351 1090 1407 iu

149 1427 167 1479 2
187 1425 294 1499 scapha
317 1444 385 1482 curn
406 1426 533 1482 caduceo
554 1426 648 1482 mittit.
690 1426 751 1489 Qui
766 1426 815 1481 ubi
837 1425 872 1481 ad
886 1444 977 1485 naves
990 1426 1088 1485 adver-

187 1505 326 1559 sariorum
355 1504 493 1577 pervenit,
522 1505 727 1578 epistolamque
754 1503 905 1560 ostendens
926 1523 963 1569 ,se
992 1522 1089 1581 regem

188 1580 332 1655 professus
355 1593 398 1638 est
420 1599 558 1654 quaerere,
584 1578 679 1638 statim
705 1582 741 1638 ad
764 1580 926 1637 Eumenem
949 1581 1088 1640 deductus

187 1670 238 1727 est,
254 1661 327 1734 quod
343 1660 591 1728 nemodubitabat,
607 1660 716 1735 aliquid
730 1659 764 1715 de
779 1678 849 1735 pace
859 1679 922 1716 esse
937 1661 1086 1735 scripturn.

188 1735 381 1805 Tabellarius,
410 1738 492 1794 ducis
520 1756 593 1795 nave
614 1737 760 1794 declarata
784 1738 853 1805 suis,
875 1737 986 1806 eodem,
1014 1738 1088 1795 uude

148 1818 165 1870 3
187 1816 267 1884 ierat,
283 1837 313 1873 se
329 1817 446 1891 recepit.
490 1817 530 1872 At
544 1815 701 1884 Eumenes,
717 1815 809 1871 soluta
823 1815 951 1890 epistola,
967 1816 1038 1872 nihil
1058 1817 1087 1874 iu

186 1913 221 1950 aa
250 1897 363 1970 reperit,
385 1896 440 1950 nisi
467 1893 602 1969 quodad
625 1893 803 1950 irridendum
827 1911 894 1948 eum
922 1894 1086 1967 pertineret.

185 1973 278 2047 Cujus
292 1975 344 2029 etsi
359 1992 478 2029 causam
490 1973 657 2040 mirabatur,
667 1990 761 2046 neque
776 1971 982 2046 reperiebatur,
993 1980 1087 2029 tam'en

146 2053 321 2125 dproelium
336 2053 430 2107 statim
452 2051 628 2107 committere
647 2068 703 2106 nou
727 2049 877 2105 dubitavit.
920 2046 1034 2106 Horum
1058 2051 1087 2106 iu

185 2148 329 2185 concursu
345 2129 463 2202 Bithyni
491 2129 663 2184 Hannibalis
684 2137 826 2202 praecopto
841 2128 968 2182 universi
983 2142 1086 2185 navem

185 2206 326 2262 Eumenis
341 2208 519 2262 adoriuntur.
552 2207 684 2270 Quorum
701 2206 759 2260 vim
775 2224 825 2261 rex
840 2224 931 2279 quum
945 2207 1086 2262 sustinere

184 2302 239 2339 non
264 2295 363 2357 posset,
381 2283 450 2358 fuga
472 2283 595 2340 salutern
618 2286 713 2359 petiit:
735 2302 821 2357 quarn
844 2293 1018 2340 consecutus
1031 2302 1086 2340 uon

184 2372 265 2429 esset,
282 2363 335 2417 nisi
351 2363 425 2417 intra
435 2381 487 2418 sua
503 2364 634 2437 praesidia
649 2383 680 2418 se
696 2362 859 2436 recepisset,
870 2380 935 2435 quae
949 2361 979 2416 in
995 2363 1084 2437 protri-

144 2440 162 2492 5
184 2458 229 2495 mo
250 2441 331 2496 litore
346 2452 428 2497 erant
450 2442 601 2497 collocata.
644 2440 777 2514 Reliquae
787 2439 978 2514 ,Pergamenae
998 2459 1085 2497 naves

183 2537 274 2592 quum
289 2519 467 2576 adversarios
482 2529 644 2595 premerent
658 2520 765 2586 acrius,
781 2523 896 2592 repente
908 2518 936 2572 in
953 2536 1003 2574 eas
1016 2536 1085 2575 vasu

182 2598 289 2666 fictilia,
318 2598 353 2654 de
381 2600 485 2673 quibus
513 2618 601 2674 supra
628 2598 801 2653 mentionem
827 2595 958 2662 fecimus,
983 2594 1084 2671 conjici

182 2687 367 2752 coeptaflsunt.
407 2677 486 2741 Quo
497 2678 576 2753 jacta
598 2677 678 2732 initio
693 2676 783 2731 risum
808 2674 1005 2749 pugnantibus
1020 2691 1083 2730 con·

141 2755 159 2809 6
181 2756 315 2823 citarunt,
331 2775 435 2829 neque,
450 2775 540 2829 quare
555 2755 582 2810 id
598 2755 687 2822 fieret,
710 2764 819 2828 poterat
833 2752 966 2827 intelligi.
1008 2750 1083 2808 Post·

180 2853 266 2909 quarn
282 2846 377 2890 autern
392 2852 481 2889 naves
496 2833 651 2907 completas
667 2841 878 2906 conspexerunt
892 2830 1082 2903 serpentibus,

180 2930 254 2966 nova
270 2930 301 2966 re
316 2912 467 2984 perterriti,
483 2930 582 2985 quum,
598 2910 666 2986 quid
688 2911 865 2984 potissimum
880 2908 1013 2976 vitarent,
1028 2925 1083 2962 uon

180 2988 318 3054 viderent,
334 3007 443 3063 puppes
457 2999 632 3056 averterunt,
643 3007 731 3062 seque
745 2987 780 3044 ad
796 3005 848 3042 sua
857 2986 1083 3059 castranautica

140 3067 154 3120 'r
181 3066 351 3122 retulerunt.
385 3066 434 3122 Sic
450 3054 596 3121 Hannibal
612 3067 731 3122 consilio
743 3084 822 3122 arma
839 3063 1083 3140 Pergamenorum

179 3144 342 3217 superavit:
364 3163 458 3218 neque
472 3156 533 3199 tum
548 3145 651 3212 solum,
662 3144 711 3200 sed
726 3163 801 3218 saepe
817 3143 889 3198 alias
904 3141 1082 3218 pedestribus

179 3222 269 3296 copiis
284 3223 345 3295 pari
360 3223 510 3298 prudentie
525 3223 633 3298 pepulit
648 3223 836 3285 adversarios.

141 3304 155 3356 1
221 3298 285 3356 XII.
309 3299 384 3362 Quae
398 3302 467 3357 dum
481 3302 510 3356 in
526 3303 599 3357 Asia
614 3311 764 3376 geruntur,
781 3299 885 3355 accidit
900 3316 982 3365 casu,
999 3306 1030 3353 ut
1043 3296 1080 3352 le-

178 3379 237 3454 gati
266 3378 374 3435 Prusiae
403 3379 503 3436 Romae
531 3380 605 3454 apud
634 3378 670 3434 L.
697 3379 850 3442 Quintium
874 3377 1080 3442 Flamininum,

179 3457 369 3525 consularem,
382 3467 540 3523 coeuarent,
551 3470 636 3532 atque
651 3457 699 3524 ibi,
712 3457 746 3512 de
762 3454 928 3511 Hannibale
938 3454 1079 3510 mentione

179 3535 264 3606 facta,
280 3554 316 3591 ex
340 3535 385 3591 his
400 3555 475 3592 unus
497 3536 613 3604 diceret,
629 3554 695 3591 eum
721 3536 750 3590 in
772 3534 883 3590 Prusiae
904 3550 994 3607 regno
1008 3548 1078 3588 esse.

139 3617 158 3672 2
179 3613 212 3672 Id
232 3624 343 3692 postero
356 3614 401 3672 die
416 3614 599 3672 Flamininus
612 3614 726 3672 senatui
746 3612 858 3671 detulit.
901 3609 1003 3669 Patres
1016 3626 1081 3668 con·
