2474 4080
360 254 452 319 XIII.
498 264 527 332 2,
544 262 574 319 3.
617 258 837 337 (Timotheus.)
1006 265 1044 324 51

146 413 228 480 patre
252 411 402 476 acceptam
427 402 546 477 gloriam
566 403 663 461 multis
684 405 762 459 auxit
781 403 940 461 virtutibus.
983 405 1050 462 Fuit

148 478 228 538 enim
242 481 377 549 disertus,
391 481 522 554 impiger,
540 481 709 549 laboriosus,
724 483 767 537 rei
786 483 916 538 militaris
930 484 1049 556 peritus,

146 578 243 633 neque
257 558 353 614 minus
369 559 493 614 civitatis
508 559 650 633 regendae.
693 559 785 615 Multa
801 559 886 635 hujus
901 574 966 617 sunt
979 580 1048 635 prae-
1069 567 1087 619 2

147 638 227 694 clare
252 637 337 704 sacta,
362 637 415 692 sed
438 635 500 693 haec
522 637 646 693 maxime
671 637 801 693 illustria.
843 638 996 713 Olynthios
1021 651 1050 696 et

147 714 308 790 Byzantios
329 714 407 770 bello
428 715 549 788 subegit.
592 715 709 770 Samum
731 717 816 789 cepit,
831 716 860 771 in
875 736 930 788 qua
973 755 1010 794 354

147 792 342 867 oppugnanda
353 793 500 866 superiore
514 793 590 848 bello
602 794 798 848 Athenienses
809 794 888 849 mille
901 805 929 849 et
971 805 1008 842 ³57

148 871 275 926 ducenta
288 871 395 926 talenta
410 882 635 926 consumserant.
678 871 712 926 ld
727 871 777 926 ille
792 872 855 927 sine
870 871 929 927 ulla
953 862 972 890 ³⁴
986 853 1009 891 ⁰·
1022 864 1043 892 η’

147 948 267 1023 publica
280 948 411 1022 impensa
424 948 529 1023 populo
543 948 681 1004 restituit:
703 948 842 1005 adversus
858 950 961 1005 Cotum
973 949 1050 1004 bella

148 1026 251 1101 gessit,
267 1026 301 1081 ab
316 1044 406 1099 eoque
420 1027 499 1082 mille
512 1036 541 1082 et
554 1026 677 1082 ducenta
689 1027 797 1082 talenta
807 1028 907 1100 praedae
919 1027 949 1082 in
960 1027 1050 1100 publi·
1086 1054 1093 1077 r

149 1112 215 1160 cum
230 1104 336 1160 retulit.
372 1104 513 1178 Cyzicum
526 1104 676 1160 obsidione
688 1104 827 1160 liberavit.
863 1104 1050 1161 Ariobarzani
1070 1108 1088 1161 3

149 1182 237 1238 simul
252 1200 317 1238 cum
334 1182 473 1256 Agesilao
487 1181 595 1238 auxilio
614 1182 758 1256 profectus
780 1192 841 1239 est:
865 1201 950 1256 aquo
964 1201 1051 1256 quum

149 1259 231 1317 Laco
254 1261 407 1333 pecuniam
426 1270 602 1316 numeratam
623 1261 796 1335 accepisset,
810 1261 861 1317 ille
877 1261 958 1316 cives
981 1279 1049 1316 suos

148 1356 220 1412 agro
234 1349 318 1410 atque
332 1339 449 1394 urbibus
464 1338 563 1412 augeri
577 1339 684 1406 maluit,
695 1357 779 1411 quam
793 1339 822 1395 id
833 1358 956 1407 sumere,
969 1339 1049 1413 cujus

147 1427 260 1492 partem
274 1415 387 1471 domum
401 1435 482 1472 suam
495 1416 569 1473 serre
589 1426 699 1491 posset.
740 1417 838 1490 Itaque
860 1417 974 1490 accepit
988 1417 1050 1473 Cri-

147 1493 249 1550 thoten
264 1503 293 1549 et
308 1494 433 1551 Sestum.

190 1572 247 1629 III.
270 1571 351 1628 Idem
366 1572 455 1628 classi
468 1572 619 1647 praefectus
634 1571 852 1628 circumvehens
869 1573 1049 1646 Peloponne·
1072 1575 1086 1628 l

148 1668 223 1718 sum,
253 1649 421 1707 Laconicen
448 1652 609 1725 populatus,
638 1651 763 1707 classem
798 1669 896 1706 eorum
924 1651 1048 1724 fugavit;

150 1728 310 1801 Corcyram
324 1730 376 1784 sub
398 1729 547 1803 imperium
561 1729 782 1785 Atheniensium
802 1728 931 1803 redegit;
979 1753 1016 1791 37⁶

149 1805 306 1879 sociosque
328 1806 405 1862 idem
424 1807 552 1882 adjunxit
576 1807 721 1881 Epirotas,
745 1805 930 1874 Athamanas,
955 1813 975 1840 ⁸·
988 1802 1012 1840 ⁰·
1025 1813 1047 1840 ¹¹·

150 1883 297 1952 Chadnas,
306 1903 461 1959 omnesque
472 1904 522 1941 eas
536 1896 648 1959 gentes,
659 1904 720 1958 quae
733 1903 812 1940 mare
827 1883 897 1939 illud
908 1883 1049 1957 adjacent.

150 1962 218 2027 Quo
232 1961 309 2019 facto
324 1962 538 2019 Lacedaemonii
553 1963 588 2019 de
604 1963 713 2018 diutina
734 1961 915 2018 contentione
933 1960 1049 2017 destite·
1069 1964 1087 2016 2

148 2049 223 2108 runt,
239 2050 268 2096 et
282 2059 335 2096 sua
350 2052 451 2115 sponte
467 2041 692 2097 Atheniensibus
702 2040 815 2115 imperii
825 2039 930 2095 mariti·
980 2063 1017 2101 ³74

148 2119 189 2174 mi
200 2118 391 2193 principatum
399 2130 622 2186 concesserunt;
637 2138 794 2194 pacemque
803 2117 850 2174 his
860 2118 931 2192 legi·
955 2123 976 2151 ⁸‘
989 2113 1012 2151 ⁰·
1025 2122 1046 2150 ¹¹·
1131 2116 1145 2137 ’

149 2197 203 2252 bus
229 2197 443 2267 constituerunt,
465 2207 495 2253 ut
517 2197 712 2254 Athenienses
734 2197 805 2253 mari
827 2196 917 2252 duces
940 2203 1048 2250 essent.

151 2275 223 2339 Quae
237 2275 358 2330 victoria
375 2286 460 2331 tantae
480 2275 533 2332 fuit
548 2276 651 2332 Atticis
672 2276 829 2344 laetitiam
850 2286 908 2330 tum
929 2272 1050 2348 primum

149 2371 208 2408 arae
223 2352 295 2408 Paci
308 2353 423 2426 publice
439 2354 496 2409 sint
506 2353 597 2422 factae,
609 2354 692 2426 eique
707 2355 769 2410 dcae
783 2354 912 2427 pulvinar
921 2352 958 2407 sit
968 2350 1049 2405 insti·

149 2440 249 2485 tntum.
292 2431 382 2505 Cujus
404 2431 498 2487 laudis
522 2441 553 2487 ut
576 2433 712 2488 memoria
733 2442 870 2498 maneret,
895 2427 1048 2485 Timotheo
1070 2430 1087 2482 3

148 2507 266 2583 publice
281 2518 402 2564 statuam
415 2509 446 2564 in
460 2509 520 2565 loro
534 2521 698 2584 posuerunt.
740 2509 797 2573 Qui
812 2507 903 2562 honos
918 2507 985 2562 huic
999 2503 1049 2560 uni

150 2596 217 2641 ante
232 2585 261 2640 id
275 2596 387 2659 tempus
403 2587 537 2662 contigit:
559 2598 598 2656 ut,
609 2606 693 2660 quum
708 2586 780 2661 patri
793 2584 915 2658 populus
929 2593 1050 2638 statuam

149 2663 307 2738 posuisset,
322 2663 381 2720 filio
398 2683 509 2738 quoque
531 2666 619 2721 daret.
662 2666 713 2720 Sic
730 2666 811 2738 juxta
832 2661 926 2736 posita
945 2678 1050 2715 recens

149 2740 203 2797 filii
219 2751 346 2798 veterem
359 2743 448 2816 patris
462 2743 611 2799 renovavit
623 2743 799 2798 memoriam.

191 2819 247 2875 III.
285 2819 344 2875 Hic
367 2838 452 2892 quum
474 2832 554 2877 esset
579 2839 683 2895 magno
710 2830 787 2888 natu,
815 2828 844 2874 et
867 2814 1049 2891 magistratus
1072 2817 1086 2871 l

149 2914 252 2971 gerere
270 2896 405 2966 desisset,
421 2899 498 2954 bello
514 2897 710 2955 Athenienses
731 2897 854 2970 undique
875 2893 966 2970 premi
985 2903 1050 2949 sunt

150 2974 247 3049 coepti.
279 2974 436 3031 Defecerat
446 2977 549 3032 Samus
563 2998 569 3044 ;
585 2976 729 3032 descierat
739 2976 964 3048 Hellespontus;
981 2970 1049 3028 Phi·

148 3052 245 3127 lippus
264 3053 324 3126 jam
344 3061 403 3108 tum
421 3055 521 3110 valens
543 3053 666 3110 Macedo
690 3054 778 3110 multa
795 3052 980 3108 moliebatur:
1002 3049 1049 3105 cui

149 3130 299 3202 oppositus
315 3129 427 3186 Chares
451 3151 537 3203 quum
551 3143 639 3200 esset,
653 3151 710 3188 non
724 3131 795 3187 satis
816 3131 846 3186 in
867 3147 903 3184 co
924 3127 1049 3203 praesidii

148 3209 308 3282 putabatur.
364 3209 412 3264 Fit
436 3208 627 3265 Menestheus
651 3220 762 3284 prator,
786 3208 862 3264 filius
887 3205 1048 3279 lphicritis,
1068 3208 1087 3261 2

149 3303 240 3359 gener
254 3285 412 3355 Timothei,
428 3298 465 3356 et,
484 3298 515 3343 ut
529 3287 565 3343 ad
579 3288 686 3344 bellum
699 3287 906 3361 proficiscatur,
921 3283 1050 3339 decerui-

149 3373 202 3418 tur.
245 3363 324 3419 Huic
340 3363 369 3418 in
384 3365 537 3420 consilium
557 3365 657 3421 dantur
677 3365 732 3420 duo
746 3383 800 3419 usu
816 3363 929 3437 sapien·
978 3386 1016 3424 357

149 3440 244 3513 tiaque
256 3452 435 3514 praestanteS,
444 3461 561 3515 quorum
573 3443 694 3498 consilio
708 3452 842 3508 uteretur,
851 3446 932 3512 pater
956 3444 975 3472 ³·
989 3435 1012 3473 ⁰·
1026 3445 1047 3472 ¹¹·

149 3529 179 3573 et
199 3536 304 3573 socer:
328 3518 403 3591 quod
423 3519 453 3574 in
473 3519 520 3575 his
542 3529 619 3575 tanta
641 3530 701 3575 erat
721 3518 884 3582 auctoritas,
898 3524 928 3570 ut
947 3533 1052 3587 magna

151 3613 219 3670 spes
235 3604 325 3664 esset,
339 3613 392 3670 per
407 3614 458 3653 eos
473 3597 580 3653 amissa
592 3616 680 3673 posse
695 3592 870 3669 recuperari.
911 3590 953 3647 Hi
967 3609 1052 3664 quum
1071 3591 1089 3647 3
