2474 4080
179 264 224 325 22
419 257 467 324 IV
469 306 477 324 .
516 267 544 338 1,
560 267 591 325 2.
626 261 845 344 (Pausanias.)

332 561 412 638 IV.
473 561 910 644 PAUSANIAS.

463 891 775 963 ARGUMENTUM.

179 1045 276 1105 GAP.
291 1047 317 1104 I.
333 1047 440 1124 Pugna
454 1048 492 1105 ad
504 1048 640 1106 Plataas.
676 1048 720 1105 ΙΙ.
743 1047 916 1126 Byzantium
928 1060 1077 1126 expugnat,

215 1125 402 1203 Xaruisovat‚
417 1127 530 1182 Gracia
536 1125 658 1204 futurus
664 1128 799 1204 proditor.
833 1126 896 1185 III.
911 1128 1079 1204 Peregriais

215 1205 336 1261 moribus
360 1206 419 1280 ipse
442 1225 472 1260 se
494 1207 599 1281 prodit,
624 1206 782 1281 scytolaquo
807 1206 914 1263 domum
935 1219 1079 1266 reuocatus

215 1282 336 1340 Halotus
358 1283 497 1340 sollicitat.
540 1283 596 1339 IV.
622 1283 794 1341 Litterarum
813 1287 997 1342 commercium
1017 1307 1079 1359 pum

199 1362 309 1428 'ltoste;
334 1362 515 1437 perturbatus
535 1382 565 1419 se
583 1363 642 1438 ipse
660 1363 774 1419 iudicat.
830 1362 866 1420 V.
888 1361 925 1420 Ia
945 1364 1077 1421 Minerva

215 1440 343 1516 templum
357 1438 490 1516 corp‘ugit
505 1442 544 1497 ibi
558 1440 710 1498 obstruitur
724 1451 750 1497 ct
763 1461 824 1497 rrtoa
834 1443 938 1498 interit.

139 1601 152 1657 l
217 1597 242 1653 Ι.
261 1596 449 1667 Pausaniae,
475 1596 721 1668 Lacedaemonius‚
748 1615 870 1672 magnus
902 1597 997 1667 homa,
1024 1599 1078 1656 sed

174 1675 271 1731 varius
293 1675 324 1730 in
344 1675 421 1731 omni
443 1695 550 1750 genere
571 1675 638 1732 vitae
662 1674 724 1732 suit.
773 1677 850 1733 Nam
870 1686 900 1733 ut
926 1676 1077 1735 virtutibus

135 1761 153 1813 2
176 1754 273 1830 eluxit,
289 1753 332 1810 sic
348 1753 426 1810 vitiis
446 1765 492 1811 est
511 1756 636 1811 obrutus.
678 1754 773 1829 Hujus
795 1754 1018 1811 illustrissimum
1033 1766 1079 1812 est

311 1833 425 1909 roeliurn
439 1834 514 1908 apud
526 1834 662 1895 Plataeas.
700 1833 832 1906 Namque
846 1832 897 1889 illo
911 1833 985 1889 duce
1000 1834 1078 1890 Mar·

189 1891 243 1979 2⁷25
264 1850 558 1991 ffggoniuspmatrapes
580 1913 688 1987 regins,
715 1911 830 1968 natione
858 1911 974 1980 MeduS,
998 1912 1077 1986 regis

172 1991 248 2078 astgbz
261 2012 283 2048 ,r
331 1990 396 2061 nd}
419 1991 449 2048 in
473 1991 572 2066 primis
600 1991 726 2047 omnium
754 1990 909 2046 Persarum
936 2000 965 2046 et
990 2008 1078 2047 manu

186 2067 192 2079 ’
219 2067 224 2078 ”
313 2074 317 2080 ’
350 2069 375 2126 ‘a
400 2079 429 2125 et
448 2070 564 2126 consilii
586 2070 700 2143 plenus,
721 2087 787 2124 cum
808 2068 939 2124 ducentis
961 2067 1076 2125 milibus

174 2148 310 2222 peditum,
324 2165 395 2220 quos
410 2147 516 2204 viritim
535 2148 654 2223 legerat,
670 2158 699 2202 et
711 2143 814 2222 uiginti
838 2146 978 2224 [milibus]
998 2147 1077 2220 equi·

174 2237 241 2293 tum,
255 2224 332 2280 haud
352 2225 392 2280 ita
411 2243 515 2299 magna
535 2244 621 2282 manu
643 2225 762 2281 Graeciae
778 2224 891 2300 fugatus
914 2236 967 2294 est,
985 2243 1076 2298 eoque

135 2308 152 2361 3
174 2305 238 2378 ipse
261 2302 319 2357 dux
341 2302 448 2359 cecidit
468 2302 579 2377 proelio.
621 2303 687 2369 Qua
700 2303 822 2359 victoria
842 2304 934 2359 elatus
955 2304 1077 2378 plurima

176 2383 299 2438 miscere
316 2380 410 2454 coepit,
426 2391 455 2438 et
467 2383 575 2457 majora
588 2381 807 2458 concupiscere.
840 2382 901 2438 Sed
915 2383 1036 2457 primum
1046 2382 1078 2440 in

175 2479 210 2517 eo
233 2470 278 2516 est
298 2458 501 2534 reprehensus,
520 2461 595 2534 quod
618 2479 656 2518 ex
678 2461 773 2536 praeda
794 2460 935 2535 tripodem
960 2479 1077 2517 aureum

176 2537 299 2613 Delphis
314 2538 468 2613 posuisset,
483 2540 687 2615 epigrammate
699 2539 815 2614 scripto,
827 2539 858 2594 in
871 2557 927 2614 quo
942 2549 1002 2595 erat
1012 2538 1075 2595 haec

174 2616 333 2675 sententia:
351 2637 404 2675 suo
413 2619 500 2675 ductu
509 2621 645 2678 barbaros
655 2619 729 2695 apud
741 2619 863 2676 Plataeas
876 2637 942 2674 esse
954 2617 1076 2687 deletos,

134 2701 153 2754 4
175 2699 293 2773 ejusque
318 2697 445 2754 victoria
467 2716 535 2773 ergo
559 2698 688 2774 Apollini
713 2698 818 2754 donum
841 2695 969 2753 dedisse.
1011 2695 1075 2752 Ηοι

173 2795 275 2834 versus
292 2776 504 2833 Lacedaemonii
516 2778 745 2851 exsculpserunt,
756 2793 850 2849 neque
862 2774 939 2830 aliud
950 2773 1077 2848 scripse-

174 2865 246 2922 runt,
269 2873 354 2926 quarn
376 2855 492 2909 nomina
519 2873 618 2910 earum
644 2853 800 2921 civitatum,
822 2869 941 2923 quarum
968 2851 1076 2907 auxilio

175 2932 273 2988 Persae
288 2941 368 2985 erant
381 2931 461 2987 victi.

136 3014 146 3067 1
213 3009 254 3065 ΙΙ.
277 3008 348 3064 Post
361 3007 391 3062 id
405 3008 536 3082 praelium
556 3005 689 3063 eumdem
710 3003 884 3062 Pausaniam
898 3021 963 3058 cum
978 3001 1074 3059 classe

194 3112 232 3150 47⁷
292 3085 435 3140 communi
450 3085 578 3159 Cyprum
592 3094 675 3157 atque
691 3081 913 3156 Hellespontum
926 3080 1074 3149 miserunt,

170 3172 190 3200 ²·
199 3161 223 3200 ⁰·
232 3171 254 3198 ¹¹·
291 3173 322 3219 ut
336 3182 373 3218 ex
386 3162 433 3219 his
447 3162 613 3238 regionibus
634 3162 815 3218 barbarorum
828 3158 962 3234 praesidia
975 3157 1074 3233 depel-

134 3248 151 3300 2
173 3243 255 3299 leret.
298 3241 366 3298 Pari
380 3241 519 3298 felicitate
544 3240 575 3296 in
596 3260 632 3297 ea
652 3258 684 3297 re
704 3256 775 3296 usus
798 3237 901 3295 elatius
923 3256 956 3294 se
972 3256 1073 3312 gerere

174 3321 269 3395 coepit,
284 3321 463 3396 majoresque
484 3329 620 3394 appetere
634 3337 692 3375 res.
734 3316 810 3373 Nam
824 3335 918 3390 quum,
933 3316 1074 3391 Byzantio

174 3411 345 3475 expugnato,
360 3398 490 3472 cepisset
503 3398 665 3473 complures
685 3396 839 3455 Persarum
852 3396 974 3465 nobiles,
989 3406 1074 3468 arque

173 3479 203 3536 in
217 3478 263 3534 his
276 3478 431 3534 nonnullos
444 3477 523 3552 regis
537 3477 722 3551 propinquos,
730 3473 784 3532 hos
800 3475 874 3532 clam
889 3473 980 3530 Xerxi
989 3474 1074 3529 remi·

173 3557 219 3627 sit,
235 3555 383 3625 simulam,
398 3575 436 3612 ex
449 3555 572 3612 vinculis
587 3554 712 3631 publicis
726 3552 883 3628 effugisse3
905 3562 933 3608 et
948 3569 1013 3607 cum
1026 3550 1073 3607 his

174 3634 340 3710 Gongylum
362 3634 570 3703 Eretriensem,
591 3634 641 3709 qui
661 3633 772 3691 litteras
797 3631 859 3707 regi
880 3630 1022 3698 redderet,
1043 3628 1071 3685 in

949 3868 976 3915 ’ἦ
