2474 4080
198 258 215 313 .'
264 261 372 328 XXV.
413 272 445 339 4,
462 272 490 328 5.
537 263 589 346 (T.
602 261 797 348 Pomponius
808 266 956 348 Atticos.)
1020 274 1063 334 90

137 417 233 495 ,θιιίιη
246 418 274 473 in
290 418 368 474 omni
384 418 584 492 procuratione
595 418 761 493 reipublieae
771 429 895 476 actorem
906 431 1063 477 auctorem-

155 514 212 570 que
237 496 391 552 habebant.
442 496 533 571 Igitur
556 499 679 572 primum
705 497 775 552 illud
801 517 906 554 munus
932 499 1061 568 fortunae,
1084 504 1101 560 3

153 574 229 650 quod
246 575 274 629 in
290 594 324 630 ea
340 575 518 649 potissimum
531 576 601 632 urbe
616 586 701 630 natus
715 585 766 640 est,
777 577 805 630 in
821 578 1062 650 quadomioilium

153 654 230 710 orbis
245 663 389 708 terrarum
411 664 485 710 esset
500 654 622 728 imperii,
639 664 669 709 ut
688 654 819 709 eamdem
834 667 860 710 et
876 658 997 731 patriam
1014 658 1061 712 ha-

154 732 234 788 beret
248 744 277 788 et
298 731 432 803 domum3
456 733 509 789 hoe
524 733 669 807 specimen
692 732 857 806 prudentiae,
873 735 956 808 quod,
971 755 1062 808 quum

153 810 264 867 ineam
284 828 314 866 se
329 811 473 867 civitatem
494 810 670 877 contulisset,
686 829 751 884 quae
769 812 946 884 antiquitate,
962 812 1061 868 huma-

153 888 254 956 nitate,
269 887 398 944 doetrina
412 899 560 964 praestaret
574 906 682 957 omneS,
698 907 774 944 unus
788 890 815 944 ei
837 900 902 946 ante
916 891 987 946 alios
1003 891 1060 946 fne-

153 967 190 1023 rit
204 966 382 1023 carissimus.

170 1042 247 1109 ,1v.
276 1044 344 1101 Huc
369 1064 405 1101 ex
434 1044 508 1102 Asia
536 1045 620 1100 Sulla
648 1043 790 1101 decedens
810 1063 899 1119 quum
925 1047 1059 1114 venisset,
1083 1052 1097 1104 1

152 1122 292 1197 quamdiu
320 1123 358 1178 ibi
388 1121 451 1191 fuit,
481 1142 582 1179 secum
607 1124 707 1179 habuit
737 1123 934 1197 Pomponium,
959 1136 1060 1199 eaptus

152 1200 342 1258 adolescentis
356 1211 384 1258 et
398 1202 576 1258 humanitate
592 1212 620 1257 et
634 1201 773 1258 doctrina.
800 1201 849 1258 Sic
864 1203 939 1257 enim
956 1202 1059 1258 Graece

151 1279 331 1354 loquebatur,
349 1289 380 1336 ut
401 1281 526 1336 Athenis
547 1292 632 1336 natus
649 1280 804 1335 videretur.
847 1278 943 1335 Tanta
961 1293 1059 1337 autem

150 1359 281 1415 suavitas
295 1369 357 1414 erat
379 1359 518 1415 sermonis
531 1357 640 1426 Latini,
662 1369 692 1414 ut
715 1370 875 1432 appareret,
895 1360 924 1414 in
940 1379 974 1414 eo
988 1360 1058 1415 nati-

150 1453 219 1492 vum
234 1435 389 1511 quemdam
404 1437 529 1512 leporem
546 1456 617 1503 esse,
633 1455 689 1492 non
704 1437 857 1492 adscitum.
901 1436 979 1493 ldem
995 1445 1057 1512 poel-

151 1524 228 1571 mata
242 1498 444 1589 pronuntiabat
459 1525 487 1572 et
510 1534 606 1590 groeoe
622 1526 649 1571 et
670 1515 758 1570 latine
772 1516 824 1580 sic,
841 1526 972 1589 utsupra
987 1515 1057 1571 nihil

233 1602 244 1649 t
259 1592 334 1648 addi.
357 1594 473 1657 Quibus
488 1595 574 1649 rebus
588 1592 758 1659 factumest,
772 1604 802 1649 ut
817 1592 899 1650 Sulla
914 1613 1056 1667 nusquam
1079 1598 1097 1649 2

165 1670 247 1747 eum]
273 1671 309 1727 ab
331 1690 363 1729 se
386 1671 548 1740 dimitteret,
577 1682 752 1747 cuperetque
774 1690 874 1727 secum
902 1672 1055 1728 deducere.

150 1747 210 1813 Qui
225 1768 314 1824 quum
332 1750 505 1824 persuadere
520 1759 650 1818 tentaret,
665 1753 731 1818 noli,
752 1768 799 1804 oro
820 1759 853 1817 te,
870 1751 961 1824 inquit
976 1750 1056 1806 Pom-

149 1828 260 1903 ponius,
275 1829 424 1885 adversum
438 1847 485 1885 eoa
498 1848 539 1885 me
553 1830 623 1885 velle
637 1830 746 1896 ducere,
762 1847 822 1884 eum
836 1829 935 1900 quibua
947 1848 981 1884 ne
996 1847 1056 1884 eon·

149 1913 193 1962 tra
207 1914 233 1962 te
244 1904 448 1982 amusement,
464 1905 575 1963 Italiam
589 1908 699 1980 reliqui.
731 1907 772 1962 At
787 1905 878 1973 Sulla,
894 1906 1056 1962 adolescen-

149 1983 301 2047 tisofficio
326 1986 497 2053 collaudato,
519 1986 615 2042 omnia
641 2003 761 2041 munera
784 1985 820 2052 ei,
843 2003 907 2058 quae
935 1984 1056 2040 Athenis

150 2075 312 2138 acceperat,
338 2065 522 2139 proficiscens
539 2064 625 2138 jussit
647 2062 764 2119 deferri.
811 2063 869 2119 Hic
893 2063 1056 2136 complures
1077 2066 1095 2118 3

149 2158 239 2197 annos
254 2153 390 2210 moratus,
408 2161 496 2217 quum
511 2153 540 2199 et
562 2144 603 2199 rei
626 2141 760 2198 familiari
776 2151 885 2198 tantum
900 2160 993 2216 operae
1008 2141 1055 2197 da-

149 2229 202 2287 ret,
227 2230 368 2295 quantum
388 2228 448 2276 ‘non
471 2221 624 2297 indiligens
649 2221 764 2278 deberet
788 2220 1005 2295 paterfamilias,
1028 2231 1055 2276 et

148 2299 244 2353 omnia
266 2299 379 2373 reliqua
404 2311 531 2374 tempora
553 2310 603 2356 aut
628 2300 737 2368 litteris,
761 2311 811 2356 aut
832 2300 1054 2355 Atheniensium

149 2376 317 2451 reipublicae
338 2378 484 2446 tribueret,
506 2377 692 2434 nihilominus
715 2379 816 2434 amieis
831 2379 942 2433 urbana
957 2377 1051 2433 officia

148 2455 288 2529 praestitit.
330 2455 409 2511 Nam
434 2466 462 2512 et
485 2455 520 2512 ad
543 2459 659 2513 comitia
682 2475 781 2512 eorum
798 2457 955 2522 ventitavit,
971 2465 1008 2522 et,
1030 2455 1054 2510 si
1075 2459 1094 2510 4

148 2548 207 2607 qua
231 2551 278 2589 res
301 2534 391 2608 major
416 2546 482 2591 acta
507 2544 557 2602 est,
573 2554 629 2590 non
654 2533 743 2589 defuit
751 2554 759 2603 ;
783 2535 858 2589 sieut
878 2533 1011 2588 Ciceroni
1025 2534 1054 2587 in

148 2611 281 2666 omnibus
295 2611 385 2688 [ejus]
401 2613 538 2686 periculis
551 2612 729 2688 singularem
745 2610 829 2666 fidem
844 2611 982 2684 praebuit:
1006 2610 1055 2664 cui

148 2706 185 2744 ex
201 2691 294 2764 patria
310 2689 430 2764 fugienti
445 2689 531 2747 LLS.
548 2692 672 2747 ducenta
687 2700 714 2745 et
736 2689 945 2762 quinquaginta
964 2687 1056 2742 millia
1171 2753 1178 2765 .

147 2766 273 2823 donavit.
330 2768 542 2842 Tranquillatis
567 2781 664 2825 autem
689 2768 775 2823 rebus
800 2765 946 2831 Romanis,
972 2765 1054 2820 remi·
1076 2768 1094 2820 5

146 2846 242 2920 gravit
257 2846 388 2915 Romam,
402 2857 432 2902 ut
440 2849 548 2922 opinor,
561 2846 597 2904 L.
609 2847 691 2903 Cotta
700 2857 727 2902 et
742 2845 778 2901 L.
790 2843 936 2916 Torquato
945 2842 1053 2899 Consu-

146 2922 241 2979 libus:
263 2943 348 2997 quem
364 2925 440 2981 diem
449 2928 492 2982 sic
504 2927 639 2981 universa
650 2926 752 2981 civitas
761 2923 983 2980 Atheniensium
993 2940 1054 2996 pro-

147 3012 248 3058 secuta
262 3012 313 3070 est,
325 3013 355 3058 ut
370 3004 498 3060 lacrimis
510 3004 643 3059 desiderii
659 3002 747 3059 futuri
762 3003 887 3059 dolorem
903 3000 1052 3056 indicaret.

187 3079 225 3135 V.
249 3078 385 3137 Habebat
407 3082 586 3138 avunculum
610 3082 648 3146 Q.
665 3081 825 3149 Caecilium‚
848 3081 972 3154 equitem
998 3079 1053 3135 Ro·
1077 3083 1092 3136 1

146 3176 276 3227 manum,
294 3158 465 3215 familiarem
481 3159 517 3216 L.
534 3159 663 3226 Luculli,
679 3160 804 3228 divitem,
820 3158 990 3215 difficillima
1005 3176 1053 3213 na-

146 3246 229 3292 tura:
252 3237 338 3310 eujus
352 3239 394 3294 sic
409 3239 592 3313 asperitatem
608 3239 716 3293 veritus
738 3248 789 3304 est,
806 3246 844 3304 ut,
861 3255 945 3311 quern
971 3253 1054 3291 nemo

147 3313 222 3371 ferre
243 3326 345 3389 posset,
362 3316 448 3389 hujus
463 3316 524 3371 sine
539 3315 693 3372 offensione
708 3315 744 3371 ad
766 3333 908 3370 summam
924 3324 1053 3368 senectu-

146 3401 202 3448 tem
218 3394 369 3451 retinuerit
393 3394 631 3450 benevolentiam.
674 3394 741 3457 Quo
765 3392 840 3448 facto
855 3392 920 3448 tulit
941 3391 1054 3464 pietatis

147 3468 285 3528 fructum.
328 3470 465 3527 Caeeilius
479 3471 556 3527 enim
571 3472 694 3526 moriens
719 3480 887 3527 testamento
910 3468 1054 3541 adoptavit
1074 3472 1093 3523 2

145 3566 222 3618 eum,
238 3548 434 3623 heredemque
450 3546 518 3605 feeit
538 3567 574 3605 ex
589 3548 744 3605 dodrante:
767 3566 803 3602 ex
825 3564 883 3618 qua
897 3542 1053 3599 hereditate

145 3628 260 3705 aceepit
274 3627 392 3684 circiter
406 3626 516 3684 oanties
529 3624 617 3684 LLS.
659 3625 733 3684 Erat
753 3631 843 3699 nupta
857 3637 938 3677 soror
961 3619 1054 3678 Attici
1075 3623 1091 3678 Ι
