2474 4080
364 305 439 370 XV.
483 313 513 371 4.
560 281 839 392 (Epdmiaoadas.)
1011 317 1049 376 61

147 459 205 518 sile
219 478 373 536 perpessus
386 470 439 530 est,
455 471 488 518 ut
508 460 544 518 de
559 461 709 537 republica
723 461 796 517 nihil
817 470 922 538 praeter
933 460 1057 538 gloriam

145 539 266 615 ceperit.
310 540 482 596 Amicorum
502 541 532 595 in
553 559 584 596 se
605 539 710 597 tuendo
734 541 829 596 caruit
850 538 1055 612 facultatibus3

147 617 204 674 fide
219 616 255 673 ad
270 617 342 674 alios
360 617 552 674 sublevandos
566 636 641 693 saepe
661 619 703 674 sic
718 637 788 675 usus
803 628 854 686 est,
867 628 897 675 ut
913 619 998 694 possit
1009 619 1055 692 ju·

147 694 250 764 dicari,
271 696 368 752 omnia
387 697 414 752 ei
435 715 503 752 cum
525 697 628 752 amicis
650 694 738 752 fuisse
760 697 933 752 communia.
976 696 1056 752 Nam
1077 700 1096 754 5

147 791 239 850 quum
254 784 305 830 aut
325 774 433 830 civium
448 793 566 831 suorum
589 775 693 848 aliquis
708 774 745 830 ab
760 775 887 830 hostibus
901 784 975 832 esset
989 794 1055 849 cap-

147 861 204 921 tus,
220 863 270 908 eut
290 853 372 927 virgo
387 853 474 908 amici
495 852 602 908 nubilis
624 863 738 927 propter
759 863 955 927 paupertatem
969 853 1055 909 collo-

148 930 212 988 cari
225 948 281 987 non
296 941 397 1007 posset,
414 932 574 988 amicorum
590 932 745 987 concilium
761 931 893 999 habebat,
910 942 946 999 et,
965 949 1055 1004 quan-

147 1018 210 1065 tum
231 1009 354 1084 quisque
372 1009 461 1078 daret,
477 1028 527 1085 pro
549 1008 735 1065 facultatibus
756 1010 924 1084 imperabat.
968 1009 1054 1066 Eam·
1076 1013 1094 1068 (i

146 1106 204 1161 que
219 1106 361 1143 summam
376 1106 468 1162 quum
483 1086 600 1155 fecerat,
621 1088 789 1163 priusquam
804 1089 949 1163 acciperet
968 1102 1054 1162 pecu-

146 1166 236 1233 niam,
260 1165 421 1222 adducebat
440 1185 518 1234 eum,
540 1166 591 1240 qui
612 1167 769 1240 quaerebat,
785 1166 820 1221 ad
841 1185 900 1235 eos,
923 1168 974 1241 qui
988 1185 1054 1222 con-

148 1241 287 1312 ferebant,
305 1245 389 1319 eique
412 1254 443 1300 ut
467 1245 521 1319 ipsi
545 1254 741 1312 numerarent,
765 1243 907 1316 faciebat;
940 1255 971 1301 ut
995 1245 1054 1313 ille,

147 1322 183 1378 ad
206 1341 293 1397 quem
317 1342 353 1379 ea
375 1341 422 1379 res
444 1323 638 1400 perveniebat,
661 1324 757 1391 sciret,
782 1335 923 1397 quantum
948 1324 1055 1397 cuique

147 1398 273 1457 deberet.

187 1476 241 1535 IV.
264 1479 389 1537 Tentata
401 1459 497 1537 autdm
508 1480 571 1555 ejus
585 1490 628 1536 est
643 1480 842 1536 abstinentiae
856 1478 1054 1548 Diomedonte,
1077 1483 1092 1536 1

146 1555 304 1632 Cyziceno.
336 1558 472 1633 Namque
487 1560 511 1615 is
526 1571 628 1634 rogatu
638 1559 810 1614 Artaxerxis
825 1557 1055 1632 Epaminondam

148 1637 272 1710 pecunia
296 1637 540 1713 corrumpendum
562 1647 738 1711 susceperat.
781 1635 840 1693 Hic
862 1656 965 1712 magno
988 1656 1056 1696 cum

147 1714 271 1789 pondere
281 1717 344 1770 auri
360 1715 477 1773 Thebas
492 1717 578 1784 venit,
589 1725 617 1772 et
632 1714 794 1788 Micythum
807 1715 1056 1772 adolescentulum

146 1793 274 1867 quinque
296 1794 411 1850 talentis
435 1794 471 1850 ad
494 1813 577 1851 suam
603 1794 737 1868 perduxit
756 1793 942 1860 voluntatem,
969 1812 1055 1867 quem

146 1881 207 1926 tum
224 1871 438 1945 Epaminondas
453 1874 609 1948 plurimum
626 1872 772 1947 diligebat.
816 1869 964 1944 Micythus
979 1871 1054 1946 Epa-

147 1950 312 2005 minondam
332 1953 473 2018 convenit,
497 1963 524 2008 et
548 1969 669 2007 causam
695 1949 834 2005 adventus
858 1947 1053 2005 Diomedontis

147 2028 279 2085 ostendit.
322 2030 363 2085 At
378 2030 426 2085 ille
441 2028 629 2086 Diomedonte
645 2048 751 2096 coram,
767 2026 858 2094 Nihil,
874 2029 974 2103 inquit,
987 2046 1055 2100 opus
1076 2033 1094 2085 2

144 2108 266 2179 pecunia
290 2116 340 2164 est.
387 2106 465 2163 Nam
488 2112 515 2164 si
538 2127 572 2165 eo
593 2127 643 2164 reo
666 2109 732 2175 vult,
754 2126 813 2182 quce
839 2105 977 2163 Thebanis
1000 2109 1055 2163 sim

147 2186 237 2253 utilia,
253 2187 346 2259 gratis
358 2183 461 2262 facere
482 2206 543 2242 sum
563 2196 684 2260 paratos
693 2207 708 2255 ,·
729 2190 774 2242 sm
794 2194 885 2242 autem
906 2188 1053 2254 contraria,

147 2281 201 2320 aon
216 2263 295 2321 habet
309 2267 374 2320 auri
394 2273 474 2338 atrpue
489 2268 597 2339 argenti
616 2269 695 2321 satis.
737 2263 865 2339 Namque
879 2266 953 2320 orbis
968 2274 1053 2321 terra·
1143 2264 1149 2268 ’

147 2360 209 2397 rum
228 2343 341 2398 divitias
355 2346 479 2416 accipiere
495 2345 557 2400 molo
567 2363 620 2416 pro
633 2346 731 2416 patric
750 2347 874 2400 caritate.
922 2342 964 2399 Tu
982 2346 1054 2417 quod
1076 2346 1094 2399 3

148 2438 189 2475 me
213 2422 380 2494 incognitum
399 2425 518 2490 tentasti,
544 2424 636 2495 tuique
660 2423 776 2478 similem
801 2425 971 2490 existimasti,
1000 2440 1054 2478 noa

149 2499 242 2565 miror,
267 2500 369 2573 tibique
389 2503 500 2574 &nosco
509 2521 523 2569 ;
555 2502 605 2557 sed
627 2502 757 2574 egredere
776 2518 903 2572 propere,
928 2519 962 2555 ne
983 2502 1055 2555 alios
1109 2530 1114 2538 ·

151 2593 317 2649 corrumpas,
339 2597 422 2651 quum
436 2597 476 2635 me
493 2597 547 2635 noa
557 2580 691 2650 potueris.
739 2576 789 2643 Tu,
807 2576 940 2649 Micythe,
955 2597 1053 2651 argen-

150 2661 206 2709 tum
226 2655 289 2711 haic
309 2657 394 2713 redde
403 2677 417 2725 ;
440 2660 497 2713 uisi
516 2659 547 2712 id
561 2655 704 2732 confestim
718 2653 811 2730 facis,
827 2673 876 2728 ego
900 2663 925 2711 te
946 2656 1054 2711 tradam

150 2735 334 2806 magistratui.
387 2734 476 2795 Hunc
501 2734 659 2792 Diomedon
681 2752 771 2808 quum
793 2742 915 2807 rogaret,
939 2743 970 2788 ut
994 2743 1054 2789 tuto
1074 2738 1094 2791 4

149 2811 239 2879 exire,
256 2831 375 2886 suaque,
391 2832 456 2887 quae
475 2813 626 2880 attulisset,
642 2813 742 2868 liceret
763 2811 879 2867 efferre:
902 2809 982 2866 Istud
996 2813 1053 2884 qui-

149 2888 218 2956 dem,
234 2890 335 2964 inquit,
346 2889 460 2967 faciam
468 2912 482 2960 ,·
503 2909 589 2965 neque
604 2901 651 2947 tua
666 2909 761 2958 causo,
776 2891 826 2947 sed
840 2907 908 2957 mea,
923 2908 966 2958 ne,
982 2892 1009 2945 si
1022 2892 1053 2946 ti-

150 2965 177 3021 li
186 2968 223 3022 sit
232 2973 352 3041 pecunia
366 2971 501 3042 adempta,
513 2971 615 3043 aliquis
626 2972 708 3037 dicat,
718 2970 749 3024 id
759 2971 797 3025 od
810 2986 851 3024 me
860 2978 980 3042 ereptum
990 2988 1054 3042 per-

148 3048 265 3115 vem'sse,
281 3048 353 3120 quod
367 3049 487 3104 delatum
502 3052 627 3120 occipere
641 3049 799 3104 noluissem.
842 3049 869 3102 A
885 3067 942 3122 quo
962 3067 1053 3122 quum
1075 3051 1094 3104 5

148 3125 306 3197 quaesisset,
318 3145 375 3200 quo
386 3146 417 3181 se
431 3126 535 3182 deduci
545 3126 639 3195 vellet,
649 3137 677 3182 et
691 3126 749 3194 ille,
767 3126 905 3193 Athenas,
918 3126 1035 3182 dixisset
1043 3146 1052 3196 ;

149 3202 313 3276 praesidium
329 3203 413 3272 dedit,
431 3213 461 3260 ut
482 3204 543 3279 [eo]
565 3214 625 3260 tuto
646 3205 818 3278 perveniret.
859 3202 965 3277 Neque
987 3221 1055 3260 vero

149 3279 177 3334 id
192 3281 262 3336 satis
277 3281 385 3350 habuit,
401 3282 450 3338 sed
465 3283 560 3349 etiam,
577 3293 608 3338 ut
622 3282 778 3337 inviolatus
792 3282 822 3336 in
836 3299 939 3336 navem
956 3300 1053 3338 ascen-

149 3357 238 3426 deret,
254 3377 305 3433 per
327 3359 481 3415 Chabriam
503 3360 721 3423 Atheniensem,
737 3359 772 3414 de
791 3377 855 3431 quo
867 3377 955 3432 supra
976 3377 1054 3414 men-

149 3436 254 3490 tionem
274 3434 405 3503 fecimus,
422 3436 526 3493 effecit.
571 3437 760 3493 Abstinentiae
774 3437 829 3491 erit
844 3435 896 3490 hoc
909 3436 979 3490 satis
999 3445 1053 3491 tes·
1075 3436 1093 3490 6

149 3513 310 3568 timonium.
370 3513 500 3569 Plurima
519 3513 634 3587 quidem
658 3511 784 3587 proferre
808 3529 974 3586 possemus3
1004 3512 1056 3568 sed
1127 3511 1133 3521 ’

149 3589 251 3645 modus
261 3590 439 3646 adhibendus
454 3600 504 3659 est,
515 3592 650 3664 quoniam
667 3609 723 3645 uno
737 3589 791 3644 hoc
807 3587 951 3642 volumine
966 3589 1056 3644 vitam

149 3667 357 3724 excellentium
372 3667 501 3724 virorum
515 3668 707 3741 complurium
723 3662 896 3720 concludere
909 3665 1055 3722 constitui-

626 3748 645 3799 6
