2474 4080
249 262 359 330 XXV.
406 270 520 340 14,15.
558 262 611 347 (Τ.
624 263 820 347 Pomponius
833 263 983 348 Attiou.)
1008 272 1069 331 105

163 418 337 477 continentis
350 416 435 475 debet
445 416 531 475 duci:
546 427 575 474 et
589 418 682 492 potius
696 417 854 494 diligentia,
866 438 954 494 quarn
969 420 1070 496 pretio,

138 515 277 575 ,parata
300 514 357 553 non
382 496 536 553 mediocris
560 506 603 553 est
630 495 789 553 industria.
846 497 985 574 Elegans‚
1015 497 1111 555 nonb

162 575 339 653 magnificus
348 594 357 647 3
373 574 549 650 splendidus,
564 593 620 631 non
638 587 841 649 sumptuosns;
864 577 1069 653 omnidiligen-

161 654 203 710 tiu
225 653 413 722 mundiciam,
435 671 491 710 non
516 653 704 721 affluentiam,
727 652 889 710 affectabat.
932 655 1070 729 supellex

162 732 287 799 modica,
300 748 356 787 non
372 733 472 798 multa,
492 741 524 788 ut
539 733 568 787 in
589 742 722 787 neutram
742 742 852 805 partem
867 734 994 807 conspici
1010 752 1070 808 pos-

162 820 217 867 set.
259 810 327 866 Nec
351 810 510 884 praeteribo,
525 828 705 885 quamquam
727 810 875 866 nonnullis
896 811 960 866 leve
975 811 1071 867 visum
1091 815 1110 868 6

163 889 200 945 iri
214 898 332 963 putem:
353 906 444 962 quum
460 889 592 963 inprimis
609 888 707 944 lautus
721 896 797 943 esset
811 906 900 963 eques
914 888 1070 957 Romanus,

163 975 193 1023 et
205 984 263 1022 non
279 984 379 1041 purum
394 966 554 1023 liberaliter
568 966 684 1022 domum
699 984 782 1022 suurn
796 967 924 1023 omnium
939 967 1071 1023 ordinum

163 1044 295 1102 homines
318 1046 463 1113 invitaret,
480 1044 629 1120 [scimus]
655 1062 710 1101 non
732 1044 866 1119 amplius,
881 1064 968 1120 quam
990 1054 1071 1100 terna

162 1122 256 1179 millia
271 1124 346 1192 aeria
361 1141 497 1199 peroeque
511 1124 540 1179 in
556 1123 684 1198 singulos
700 1140 821 1191 menses
838 1142 872 1179 ex
888 1122 1071 1199 ephemeride

163 1218 231 1257 eum
245 1219 403 1276 expensum
425 1202 554 1276 sumptui
569 1199 645 1258 ferre
659 1201 786 1258 solitum.
830 1201 928 1277 Atque
950 1203 1003 1258 hoc
1016 1218 1069 1258 non
1091 1205 1110 1259 7

164 1279 304 1347 auditum,
320 1278 370 1343 sed
384 1280 533 1355 cognitum
556 1280 757 1355 praedicamus.
800 1279 882 1354 Saepe
897 1281 973 1336 enirn
989 1299 1070 1356 prop-

162 1365 206 1413 ter
218 1356 446 1414 familiaritatem
461 1358 626 1415 domesticis
640 1359 727 1414 rebus
741 1356 934 1415 interfuimus.

202 1434 285 1493 xlv.
302 1435 404 1493 Nemo
425 1436 455 1492 in
471 1438 604 1493 convivio
618 1437 682 1511 ejus
696 1436 775 1492 aliud
798 1455 934 1493 acroama
949 1437 1068 1506 audivit,
1093 1440 1108 1493 l

163 1531 251 1588 quam
277 1525 471 1590 anagnosten:
503 1514 579 1589 quod
603 1534 654 1572 nos
683 1514 798 1588 quidem
824 1514 1068 1588 jucundissimum

164 1589 365 1648 arbitramur(
388 1593 494 1668 Neque
509 1612 648 1668 umquam
663 1594 724 1649 sine
739 1593 838 1666 aliqua
859 1594 980 1650 lectione
995 1592 1071 1668 apud

164 1687 233 1727 eum
247 1681 396 1727 ooenatum
417 1683 469 1740 est,
488 1683 520 1729 ut
541 1690 597 1728 non
618 1673 715 1727 minus
740 1673 844 1739 animo,
860 1690 947 1746 quam
970 1683 1070 1728 ventre

163 1750 294 1805 convivae
308 1748 528 1807 delectarentur.
571 1751 708 1824 Namque
730 1769 778 1805 eos
801 1751 931 1817 vocabat,
947 1768 1070 1824 quorum
1091 1754 1110 1806 2

162 1844 258 1884 mores
280 1846 298 1883 a
317 1829 378 1885 suis
400 1846 456 1885 non
480 1828 676 1885 abhorrerent.
720 1827 820 1891 Quum
846 1837 925 1883 tanta
940 1829 1071 1902 pecuniae

163 1903 241 1962 iacta
263 1916 339 1963 esset
361 1908 501 1975 accessi0,
516 1908 587 1964 nihil
607 1908 642 1963 de
659 1906 829 1982 'quotidiano
843 1905 925 1962 cultu
940 1906 1069 1975 mutavit,

162 1983 233 2041 nihil
248 1983 285 2041 de
305 1985 372 2041 vitae
386 1985 611 2042 consuetudine:
634 1994 771 2058 tantaque
793 2002 863 2040 usus
877 1993 920 2040 est
943 1983 1070 2039 modera-

162 2062 248 2132 tione,
265 2072 297 2119 ut
318 2064 456 2138 usquein
472 2065 601 2121 sestertio
612 2064 712 2132 vicies,
728 2063 802 2138 quod
825 2082 842 2119 a
856 2072 936 2138 patre
952 2081 1070 2137 accepe-

163 2150 216 2209 rat,
231 2159 336 2217 parum
351 2161 383 2198 se
397 2142 545 2216 splendide
559 2143 688 2219 gesserit,
705 2160 798 2216 neque
813 2143 842 2197 in
858 2142 986 2198 sestertio
1003 2159 1069 2197 cen-

162 2218 216 2275 ties
230 2219 395 2276 affluentius
410 2221 523 2289 vixerit,
533 2239 622 2296 quam
636 2223 806 2289 instituerat,
822 2220 941 2296 parique
957 2219 1071 2297 fastigio

162 2298 272 2354 steterit
292 2299 321 2354 in
337 2310 459 2373 utraque
482 2297 605 2355 fortuna.
648 2300 754 2356 Nullos
768 2300 868 2356 habuit
887 2301 990 2368 hortos,
1006 2299 1068 2355 nul·
1091 2301 1109 2354 ³

164 2374 222 2430 lam
250 2376 446 2433 suburbanam
468 2387 519 2433 aut
541 2379 715 2434 maritimam
736 2389 932 2452 sumptuosam
957 2379 1067 2447 villam,

163 2472 257 2529 neque
283 2457 312 2511 in
333 2455 425 2523 ltalia,
452 2465 555 2530 praeter
579 2457 772 2512 Ardeatinam
793 2465 822 2512 et
843 2456 1069 2525 Nomentanum,

164 2534 305 2590 rusticum
320 2534 459 2609 praedium
472 2553 478 2589 :
500 2536 648 2609 omnisque
660 2535 724 2608 ejus
738 2534 869 2607 pecuniae
884 2535 990 2590 reditus
1004 2551 1069 2589 con-

163 2611 258 2668 stabat
272 2611 302 2666 in
317 2611 472 2686 Epiroticis
487 2623 515 2669 et
537 2613 656 2669 urbanis
675 2611 910 2687 possessionibus.
952 2611 999 2667 Ex
1013 2630 1071 2685 quo

219 2689 299 2746 nosci
321 2700 421 2765 potest,
437 2709 523 2747 usum
537 2711 604 2748 eum
627 2691 760 2767 pecuniae
781 2706 839 2744 non
862 2687 1069 2764 magnitudine,

228 2769 337 2824 ratione
353 2769 447 2825 metiri
461 2769 586 2826 solitum.

204 2844 272 2902 XV.
295 2845 481 2904 Mendacium
495 2866 590 2923 neque
611 2847 733 2916 dicebat,
749 2864 844 2921 neque
866 2845 925 2921 pati
949 2853 1068 2922 poterat.
1093 2848 1108 2902 1

164 2922 265 2998 ltaque
279 2924 344 2999 ejus
358 2926 477 2982 comitas
490 2944 546 2982 non
561 2927 623 2982 sine
643 2926 795 2983 severitate
810 2936 880 2991 erat,
896 2943 990 2999 neque
1004 2943 1069 3000 gra-

164 3002 238 3059 vitas
258 3004 321 3059 sine
347 3002 493 3072 facilitate,
512 3014 542 3061 ut
565 3003 680 3061 difficile
701 3015 777 3061 esset
798 3003 956 3072 intellectu,
973 3014 1070 3060 utrum

164 3099 231 3137 eum
257 3081 346 3137 amici
368 3082 461 3157 magis
481 3094 660 3152 vererentur,
676 3102 713 3138 an
738 3092 879 3139 amarent.
922 3082 1069 3157 Quidquid

165 3160 330 3234 rogabatur,
343 3160 476 3236 religiose
492 3162 687 3235 promittebat:
710 3162 785 3236 quod
800 3180 855 3216 non
869 3160 1007 3230 liberalis,
1021 3160 1071 3217 sed

164 3236 238 3295 levis
260 3238 465 3306 arbitrabatur,
481 3239 619 3314 polliceri,
635 3239 709 3314 quod
732 3249 866 3315 praestare
888 3258 943 3296 non
965 3249 1068 3313 posset.

165 3313 244 3372 Idem
264 3317 294 3371 in
312 3315 436 3385 nitend0,
451 3316 526 3391 quod
542 3319 630 3374 semel
646 3319 802 3384 annuisset,
818 3326 896 3373 tanta
911 3328 973 3374 erat
988 3335 1070 3385 cura,
1091 3320 1110 3373 2

165 3403 196 3450 ut
210 3412 267 3450 non
283 3394 458 3463 mandatam,
471 3395 520 3452 sed
530 3414 613 3452 suam
628 3396 845 3451 remvideretur
858 3413 955 3470 agere.
977 3395 1070 3451 Num-

165 3489 252 3546 quam
267 3473 395 3547 suscepti
409 3473 516 3548 negotii
537 3493 604 3529 eum
627 3484 780 3549 pertaesum
794 3482 846 3530 est.
889 3473 980 3527 Suam
994 3471 1072 3527 enim

167 3551 408 3607 existimationem
422 3552 453 3607 in
468 3571 503 3608 ea
519 3570 549 3608 re
564 3554 611 3629 agi
634 3553 768 3627 putabat:
790 3569 848 3626 qua
862 3549 933 3603 nihil
949 3546 1072 3604 habebat

166 3628 273 3686 carius.
316 3627 384 3694 Quo
398 3629 493 3699 fiebat,
505 3639 538 3688 ut
551 3631 648 3688 omnio
657 3629 839 3696 Ciceronum,
854 3623 980 3691 Catonis,
995 3623 1071 3699 [Ma-
1092 3629 1111 3685 8
