2474 4080
185 261 227 322 aa
324 253 448 319 xxiv.
495 263 520 330 1,
536 263 565 320 2.
612 254 674 337 (Μ.
690 254 824 319 aaran,
841 254 946 337 cao.)

191 702 380 775 XXIV.
432 701 494 776 M.
536 700 840 775 PORTIUS
881 701 1087 779 CATO.

143 1041 159 1095 1
221 1037 245 1095 l.
271 1037 348 1105 Cato,
363 1045 440 1093 ortos
454 1039 602 1109 municipio
627 1033 756 1104 Tusculo,
772 1035 1015 1107 adolescentulus,
1031 1037 1086 1113 pri·

183 1133 305 1189 usquam
319 1116 475 1172 honoribus
483 1133 600 1189 operam
612 1113 701 1181 daret,
714 1127 847 1171 versatus
858 1125 902 1173 est
916 1116 946 1172 in
961 1116 1085 1186 Sabinis,

180 1193 310 1268 quodibi
326 1194 509 1250 herediuma
530 1204 610 1267 patre
630 1192 764 1249 relictum
785 1193 919 1251 habebat.
961 1193 1086 1253 Hortata

181 1271 218 1328 L.
235 1271 349 1328 Valerii
373 1273 485 1338 Flacci,
500 1291 587 1346 quem
601 1272 631 1327 in
653 1271 810 1328 consulatu
831 1290 1021 1348 censuraque-
1035 1272 1085 1329 ha-

182 1350 243 1406 buit
258 1351 409 1426 collegam,
423 1361 454 1407 ut
470 1350 510 1406 M.
526 1349 673 1424 Perperna
686 1349 841 1407 Censorius
855 1369 976 1407 narrare
984 1351 1086 1409 solitus

143 1433 160 1486 2
181 1439 231 1494 est,
248 1428 369 1485 Romam
385 1429 564 1504 demigravit,
580 1426 740 1502 inferoque
755 1446 818 1484 esse
834 1429 932 1504 coepit.
956 1429 1085 1487 Primum

180 1506 353 1581 stipendium
369 1509 473 1564 meruit
498 1525 638 1563 annorum
659 1506 760 1563 decem
781 1517 958 1583 septemque,
973 1509 1013 1573 Q.
1029 1506 1083 1565 Fa-

181 1585 235 1653 bio,
253 1585 292 1643 M.
307 1585 430 1659 Claudio
450 1586 634 1643 Consulibus.
677 1585 829 1642 Tribunus
843 1587 967 1642 militum
988 1587 1019 1643 in
1039 1586 1083 1643 Si·

180 1665 250 1721 cilia
265 1664 327 1721 fuit.
371 1665 440 1722 Inde
456 1674 487 1722 ut
507 1664 599 1731 rediit,
615 1673 711 1719 castra
724 1673 842 1720 secutus
856 1675 899 1721 est
918 1664 953 1721 C.
968 1665 1083 1722 Claudii

180 1742 316 1812 Neronis,
333 1745 488 1820 magnique
508 1761 594 1817 opera
609 1742 673 1816 ejus
687 1743 850 1798 existimata
863 1752 907 1799 est
930 1743 960 1798 in
981 1744 1083 1819 proelio

180 1823 255 1896 apud
270 1823 386 1891 Senam,
402 1841 458 1898 quc
472 1822 576 1879 cecidit
597 1819 772 1889 Hasdrubal,
789 1819 877 1878 frater
897 1820 1080 1879 Hannibalis.

140 1903 159 1956 3
181 1901 314 1965 Quaestor
328 1900 427 1978 obtigit
442 1901 475 1957 P.
491 1900 640 1968 Africano,
656 1899 778 1967 consuli,
793 1918 861 1956 cum
883 1919 941 1974 quo
954 1919 1011 1956 non
1032 1912 1082 1976 pro

179 1981 262 2036 sortis
277 1979 487 2036 necessitudine
503 1981 590 2035 vixit:
613 1996 738 2052 namque
762 1978 797 2034 ab
811 1997 845 2035 eo
866 1988 1006 2053 perpetua
1027 1978 1080 2036 dis·

179 2060 268 2114 sensit
289 2061 356 2114 vita.
398 2058 504 2113 AEdilis
528 2057 620 2132 plebis
644 2054 737 2112 sactus
759 2067 802 2114 est
826 2075 893 2113 cum
915 2058 949 2114 C.
965 2054 1079 2114 Helvio.

140 2139 159 2192 4
180 2134 287 2191 Praetor
308 2136 485 2211 provinciam
499 2137 620 2192 obtinuit
634 2133 807 2203 Sardiniam,
823 2154 858 2191 ex
879 2154 938 2209 qua
956 2138 1081 2209 quaesto'r

179 2214 326 2286 superiore
360 2224 485 2288 tempore
519 2233 555 2269 ex
583 2213 689 2271 Africa
713 2213 855 2270 decedens
882 2214 920 2278 Q.
951 2213 1079 2271 Ennium

179 2299 289 2365 poetam
301 2290 473 2347 deduxerat:
495 2292 570 2366 quod
581 2311 636 2348 non
648 2293 765 2348 minoris
776 2293 983 2362 existimamus,
992 2312 1079 2367 quam

178 2368 335 2441 quemlibet
350 2370 559 2446 amplissimum
573 2370 788 2426 Sardiniensem
803 2372 990 2446 triumphum.

141 2451 155 2503 1
218 2446 255 2503 ll.
278 2447 467 2505 Consulatum
487 2450 575 2524 gessit
590 2468 658 2505 cum
679 2448 715 2505 L.
732 2448 850 2506 Valerio
872 2449 990 2518 Flacco,
1005 2460 1078 2506 sorte

179 2527 356 2600 provinciam
372 2538 474 2584 nactus
495 2527 667 2602 Hispaniam
683 2529 856 2596 citeriorem,
872 2547 966 2603 exque
981 2548 1017 2585 ea
1030 2528 1077 2585 tri-

139 2611 157 2662 2
180 2606 317 2680 umphum
334 2605 502 2682 deportavit.
546 2607 587 2663 lbi
613 2624 703 2681 quum
728 2606 836 2662 diutius
859 2618 1029 2676 moraretur,
1044 2606 1076 2663 P.

178 2684 275 2759 Scipio
290 2684 459 2753 Africanus,
475 2686 581 2742 Consul
597 2687 712 2752 iterum,
728 2685 813 2759 cujus
829 2686 856 2740 in
876 2687 962 2760 priori
978 2704 1076 2743 consu·

176 2763 237 2820 latu
252 2779 375 2837 quaestor
390 2763 492 2832 fuerat,
509 2764 598 2820 voluit
619 2782 686 2819 eum
706 2763 741 2819 de
756 2764 904 2837 provincia
924 2764 1076 2840 depellere,

176 2851 205 2898 et
220 2843 279 2915 ipse
293 2844 320 2898 ei
341 2843 509 2899 succedere.
552 2843 657 2916 Neque
680 2842 732 2897 hoc
753 2860 803 2915 per
817 2853 950 2898 senatum
964 2842 1077 2899 efficere

177 2920 275 2994 potuit,
290 2938 380 2992 quum
395 2921 510 2994 quidem
531 2920 628 2995 Scipio
642 2921 670 2975 in
686 2921 801 2976 civitate
823 2921 1015 2995 principatum
1030 2921 1076 2979 ob-

176 2997 297 3052 tineret:
319 2997 392 3071 quod
408 3008 468 3053 tum
484 3016 539 3053 non
555 3000 687 3072 potentia,
702 2999 752 3055 sed
774 2998 840 3073 jure
853 3000 1017 3073 respublica
1031 2999 1077 3056 ad-

178 3075 402 3130 ministrabatur.
457 3076 525 3139 Qua
547 3095 582 3132 ex
606 3096 636 3133 re
661 3079 752 3134 iratus
779 3080 901 3146 senatui,
927 3078 1077 3135 consulatu

139 3156 156 3209 3
178 3162 301 3226 peracto,
318 3154 445 3228 privatus
458 3155 487 3210 in
504 3155 574 3211 urbe
590 3157 702 3212 mansit.
746 3157 787 3212 At
801 3155 880 3223 Cam,
897 3175 999 3213 censor
1012 3174 1078 3214 cum

177 3230 277 3286 eodem
289 3230 396 3288 Flacco
411 3232 513 3300 factus,
529 3253 630 3290 severe
646 3233 760 3309 praefuit
775 3236 801 3291 ei
817 3236 959 3309 potestati.
1002 3235 1078 3292 Nam
1107 3236 1113 3247 '

177 3320 205 3366 et
226 3310 254 3364 in
271 3310 433 3383 complures
448 3313 557 3368 nobiles
572 3313 781 3380 animadvertit,
797 3325 825 3369 et
850 3315 957 3370 multas
973 3333 1019 3371 res
1033 3332 1078 3368 no·

177 3407 228 3444 vas
250 3389 278 3443 in
303 3389 428 3445 edictum
454 3391 569 3458 addidit,
592 3410 650 3463 qua
675 3410 705 3447 re
727 3392 844 3447 luxuria
866 3394 1078 3467 reprimeretur,

138 3470 157 3524 t
177 3485 243 3541 quae
254 3467 313 3540 jam
329 3477 388 3523 tum
404 3470 559 3543 incipiebat
580 3470 735 3544 pullulare.
778 3469 915 3547 [Circiter
930 3489 1021 3528 annos
1035 3489 1078 3527 oc-

177 3545 310 3621 toginta]
342 3545 440 3621 Usque
456 3547 491 3603 ad
506 3556 663 3603 extremam
679 3558 791 3611 aetatem
817 3548 853 3605 ab
877 3548 1078 3616 adolescentia,

177 3624 345 3701 reipublicae
359 3644 450 3683 causa
469 3626 616 3702 suscipere
634 3627 801 3685 inimicitias
818 3645 875 3685 non
893 3625 1011 3687 destitit.
1052 3627 1079 3686 A
