2474 4080
179 269 222 329 42
473 262 515 326 X.
554 270 581 342 1,
597 271 627 328 2.
663 263 786 344 (Dion.)

140 412 154 467 1
215 411 240 485 1.
262 409 348 479 Dion,
360 409 513 484 Hipparini
532 410 619 479 filius,
635 410 843 484 Syracusanus,
856 408 946 467 nobili
966 428 1076 486 genere

175 499 268 556 natus,
279 499 395 561 utraque
406 487 567 562 implicatus
581 487 728 562 tyrannide
740 487 954 562 Dionysiorum.
986 489 1015 546 N
1017 507 1076 545 am·

176 585 231 641 que
245 567 295 622 ille
310 566 439 639 superior
453 565 681 634 Aristomachen,
696 584 822 621 sororem
843 565 958 635 Dionis,
976 565 1077 623 habuit

176 645 207 700 in
229 644 416 712 matrimonio,
431 661 468 699 ex
481 663 549 717 qua·
560 644 631 699 duos
652 643 737 712 lilios,
759 643 950 717 Hipparinum
963 655 993 700 et
1012 645 1076 720 Ny·

177 741 273 790 saeum,
284 722 452 796 procreavit,
462 721 633 795 totidemque
648 722 732 790 filias,
741 721 856 777 nomine
867 721 1076 798 Sophrosynen

178 810 207 855 et
230 801 354 856 Areten:
376 818 493 874 quarum
515 799 636 873 priorem
651 798 793 873 Dionysio
817 799 885 868 lilio,
898 799 1002 869 eidem,
1026 799 1075 857 cui

177 895 296 952 regnum
317 877 440 952 reliquit,
454 887 570 951 nuptum
594 876 681 945 dedit,
696 877 822 944 alteram,
837 877 954 946 Areten,
975 876 1073 934 Dioni.

139 958 155 1011 2
178 954 255 1012 Dion
270 968 364 1012 autem
377 966 479 1029 praeter
498 955 623 1010 nobilem
641 953 878 1028 propinquitatem
892 973 1074 1028 generosam·

176 1037 231 1107 que
246 1035 382 1108 majorum
406 1032 507 1087 samam
522 1032 609 1087 multa
629 1033 686 1087 alia
700 1033 734 1087 ab
755 1043 854 1086 nutura
874 1032 972 1088 habuit
990 1035 1074 1103 bona,

177 1111 207 1167 in
221 1112 267 1167 his
282 1110 429 1184 ingenium
442 1109 546 1177 docile,
562 1128 653 1177 come,
675 1120 770 1183 aptum
784 1109 820 1164 ad
842 1121 917 1166 artes
934 1110 1072 1184 optimas;
1088 1150 1091 1154 -

177 1207 309 1262 magnam
324 1188 450 1260 corporis
466 1187 641 1260 dignitatern,
666 1206 727 1260 quae
750 1205 809 1242 non
823 1186 970 1243 minimum
998 1207 1073 1244 com-

177 1265 343 1333 mendatur;
364 1284 483 1338 magnas
504 1275 642 1338 praeterea
666 1264 780 1320 divitias
805 1285 822 1320 a
845 1276 925 1338 patre
948 1265 1073 1335 relictas,

140 1347 248 1416 squas
273 1343 336 1416 ipse
361 1343 473 1416 tyranni
500 1343 663 1398 muneribus
688 1354 815 1398 auxerat.
867 1343 939 1398 Erat
958 1343 1073 1400 intimus

179 1421 321 1494 Dionysio
332 1421 428 1494 priori,
443 1439 536 1493 neque
551 1421 644 1476 minus
665 1433 780 1494 propter
794 1439 898 1488 mores,
912 1426 997 1494 quam
1016 1422 1074 1478 affi-

177 1499 304 1555 nitatem.
346 1499 476 1570 Namque
499 1498 552 1553 etsi
569 1498 704 1572 Dionysii
719 1499 873 1554 crudelitas
889 1499 917 1554 ei
938 1499 1074 1587 displice-

177 1577 234 1645 bat,
249 1587 343 1632 tamen
358 1578 467 1631 salvum
485 1588 599 1649 propter
614 1576 868 1645 necessitudinem,
882 1577 974 1651 magis
990 1577 1075 1634 etiam

178 1673 293 1710 suorum
308 1673 403 1722 causa,
418 1654 557 1709 studebat.
598 1654 733 1710 Aderat
725 1673 755 1709 ιιι
769 1655 880 1728 magnis
900 1657 984 1711 rebus
1000 1657 1074 1744 ejus·

177 1752 233 1822 que
248 1732 370 1788 consilio
383 1732 500 1787 multum
513 1733 679 1787 movebatur
692 1743 837 1806 tyrannus
851 1733 909 1788 nisi
923 1752 978 1805 qua
998 1734 1072 1789 inre

141 1812 158 1865 4
178 1812 267 1885 major
288 1810 379 1884 ipsius
397 1810 536 1884 cupiditas
562 1810 774 1866 intercesserat.
817 1810 992 1884 Legationes
1006 1829 1075 1868 vero

181 1888 316 1964 [omnes],
332 1908 393 1963 quae
415 1899 513 1944 essent
536 1887 715 1956 illustriores,
729 1906 780 1961 per
802 1887 926 1944 Dionem
940 1889 1075 1946 adminis-

178 1969 338 2036 trabantur;
359 1986 429 2040 quas
439 1966 553 2039 quidem
567 1967 616 2021 ille
631 1965 785 2040 diligenter
798 1966 938 2035 obeundo,
953 1967 1076 2025 fideliter

179 2045 409 2113 administrando,
425 2044 653 2100 cmdelissimum
667 2063 770 2099 nornen
784 2045 897 2117 tyranni
911 2063 964 2100 sua
977 2044 1075 2101 huma·

140 2125 157 2176 5
178 2122 265 2178 nitate
280 2125 406 2196 tegebat:
435 2123 521 2177 Hunc
536 2141 552 2176 a
568 2122 709 2194 Dionysio
723 2122 1075 2197 missumCarthaginien-

179 2218 228 2255 ses
254 2210 452 2272 suspexemnt,
477 2210 507 2253 ut
530 2200 674 2253 neminem
696 2218 827 2273 umquam
853 2200 955 2256 Graeca
976 2200 1075 2276 lingua

178 2276 342 2349 loquentem
355 2277 446 2349 magis
461 2276 518 2330 sint
532 2276 671 2331 admirati.

142 2357 156 2410 1
219 2354 258 2410 ll.
300 2353 402 2427 Neque
417 2371 486 2408 vero
511 2352 572 2409 haec
598 2354 770 2429 Dionysium
790 2355 946 2430 fugiebant.
988 2357 1073 2425 Nam,

178 2442 281 2504 quanto
296 2436 374 2486 esse.
395 2431 450 2486 sibi
471 2443 644 2500 ornament0‚
659 2434 809 2498 sentiebat.
852 2435 916 2498 Quo
937 2434 1031 2504 fiebat,
1044 2445 1075 2491 ut

179 2509 229 2564 uni
243 2509 310 2564 huic
325 2509 447 2565 maxime
462 2510 631 2584 indulgeret,
646 2529 739 2583 neque
755 2530 820 2570 eum
833 2531 919 2567 secus
941 2512 1075 2586 diligeret
1143 2506 1149 2514 ”

139 2590 157 2643 2
180 2607 214 2643 ac
228 2587 333 2644 filium:
357 2587 405 2660 qui
424 2589 547 2661 quidem,
562 2607 655 2663 quum,
678 2590 827 2645 Platonem
848 2590 1005 2646 Tarentum
1026 2609 1074 2647 ve-

178 2667 268 2736 nisse,
283 2667 357 2722 fama
370 2667 400 2722 in
416 2667 546 2723 Siciliam
561 2677 640 2722 esset
651 2667 768 2741 perlata,
778 2667 955 2723 adolescenti
967 2687 1073 2742 negare

178 2763 235 2800 non
250 2745 379 2820 potuerit,
394 2746 462 2817 quin
483 2764 548 2800 eum
562 2755 731 2813 arcesseret,
745 2763 830 2816 quum
851 2744 927 2800 Dion
942 2746 1005 2820 ejus
1027 2765 1074 2802 au·

179 2822 277 2878 diendi
301 2823 454 2896 cupiditate
482 2823 622 2896 flagraret.
664 2822 752 2878 Dedit
776 2840 844 2896 ergo
867 2821 935 2878 huic
960 2823 1075 2880 veniam

178 2918 336 2973 magnaque
358 2918 423 2954 eum
441 2900 593 2955 ambitione
616 2901 776 2973 Syracusas
797 2900 936 2974 perduxit.
980 2901 1074 2966 Quem

140 2979 158 3032 3
180 2976 258 3032 Dion
273 2977 345 3031 adeo
360 2976 511 3031 admiratus
526 2986 571 3031 est
585 2987 667 3048 atque
683 2977 833 3046 adamavit,
847 2989 877 3032 ut
897 2997 929 3034 se
944 2988 1032 3035 totum
1046 2979 1075 3035 ei

211 3084 248 3121 act
297 3053 428 3108 traderet.
458 3053 561 3125 Neque
576 3071 643 3108 vero
657 3055 749 3109 minus
765 3056 847 3112 Plato
862 3056 957 3111 delect
947 3067 1020 3112 tatus
1030 3067 1075 3113 est

185 3142 204 3170 ¹²·
218 3133 240 3170 ⁰·
255 3143 275 3169 ¹¹·
298 3130 402 3185 Dione.
444 3130 542 3202 ltaque
557 3149 673 3217 quuma
692 3132 834 3207 Dionysio
851 3134 999 3222 [tyranno]
1013 3154 1074 3190 cru-

179 3206 282 3263 deliter
294 3208 382 3263 violat
372 3218 416 3263 tus
432 3221 519 3276 esset,
533 3209 648 3284 quippe
654 3229 738 3283 quem
752 3211 937 3267 venumdari
927 3213 1074 3286 jussisset,

178 3295 273 3340 tamen
288 3285 390 3340 eodem
404 3286 496 3354 rediit,
512 3287 641 3360 ejusdem
656 3288 759 3343 Dionis
775 3290 909 3361 precibus
924 3290 1074 3347 adductus.

141 3365 159 3418 4
180 3362 317 3419 Interim
310 3382 340 3419 m
354 3365 481 3420 morbum
494 3365 595 3420 incidit
609 3366 778 3441 Dionysius.
820 3368 885 3432 Quo
894 3387 978 3440 quum
993 3368 1074 3442 gravi

179 3440 389 3496 conflictaretur
391 3443 542 3514 ‚quaesivit
562 3462 579 3497 a
595 3443 716 3499 medicis
739 3444 825 3513 Dion,
839 3445 1075 3534 quemadmodum

178 3536 212 3574 se
223 3517 360 3574 haberet?
384 3485 523 3592 simulque
538 3522 573 3576 ab
587 3520 633 3576 his
648 3521 739 3595 petiit,
753 3540 779 3577 si
772 3521 864 3579 sorte
879 3524 979 3598 majori
995 3534 1076 3581 esset

177 3596 316 3674 periculo,
330 3606 361 3652 ut
374 3596 430 3652 sibi
447 3597 616 3654 faterentur.
638 3617 705 3655 nam
717 3600 794 3656 velle
809 3619 842 3657 se
857 3620 922 3658 cum
934 3600 972 3658 bo
986 3603 1075 3661 collo·
