2474 4080
189 250 232 311 ro
429 242 534 307 xvn.
579 250 608 306 5.
655 238 861 326 (necans.)

186 396 325 470 ephorum
336 396 435 464 missu,
445 390 555 453 bellum
570 395 764 451 Athenienses
771 402 799 473 et
813 392 939 451 Boeotios
953 391 1094 453 indixisse

147 477 166 530 2
187 472 432 530 Lacedaemoniis:
453 493 544 549 quare
560 475 706 530 venirene
721 471 875 529 dubitaret.
919 470 952 529 In
967 472 1022 530 hoc
1035 491 1094 531 uon

186 553 282 607 minus
296 553 360 626 ejus
373 554 464 628 pietas
479 551 662 627 suspicienda
676 560 728 618 est,
743 568 831 624 quarn
851 550 944 606 virtus
970 542 1092 609 liellicat

185 630 245 703 qui,
260 649 349 704 quum
366 632 467 687 victori
488 641 623 706 proeesset
637 629 778 685 exercitui
802 629 1018 703 maximamque
1042 630 1091 687 ha·

186 707 265 764 beret
279 708 414 765 fiduciam
432 711 513 784 regui
528 709 686 764 Persarum
707 705 843 781 potiundi,
859 716 939 762 tanta
954 707 1092 769 modestia

185 785 260 842 dioto
275 787 395 843 audiens
410 786 464 844 suit
482 788 571 862 jussis
586 786 745 842 absentium
767 785 998 859 magistratuum,
1014 797 1046 842 ut
1065 786 1092 843 si

184 865 312 938 privatus
327 866 355 921 in
372 866 486 922 comitio
500 875 574 921 esset
588 864 710 938 Spartae.
752 863 845 938 Cujus
856 863 1022 937 exemplum
1038 865 1091 921 uti-

184 960 252 997 nam
266 943 452 1020 imperatores
466 944 555 1000 nostri
569 942 651 1016 sequi
671 940 846 998 voluissent!
887 940 944 997 Sed
960 941 1032 998 illuc
1047 960 1091 999 re·

61 1019 63 1023 ’
145 1023 163 1075 8
185 1020 313 1077 deamus.
358 1021 515 1096 Agesilaus
529 1020 744 1095 opulentissimo
765 1037 853 1094 regno
874 1020 1028 1093 praeposuit
1042 1020 1091 1077 bo·

183 1117 250 1153 nam
265 1100 513 1167 existimationem,
529 1099 676 1172 multoque
690 1097 843 1172 gloriosius
858 1095 949 1165 duxit,
964 1097 990 1155 si
1009 1098 1090 1156 insti·

183 1177 252 1232 tutis
267 1177 366 1252 patriae
380 1178 533 1252 paruisset,
548 1195 636 1251 quam
652 1176 677 1232 si
700 1176 773 1233 bello
793 1184 958 1250 superasset
977 1174 1090 1234 Asiam.

143 1257 162 1310 4
184 1253 250 1310 Hac
264 1255 353 1330 igitur
368 1265 462 1311 mente
472 1255 691 1330 Hellespontum
706 1255 804 1329 copias
817 1253 940 1327 trajecit,
952 1263 1091 1329 tantaque

183 1351 254 1388 usus
268 1343 311 1389 est
324 1333 482 1402 celeritate,
498 1343 538 1401 ut,
554 1332 629 1407 quod
651 1333 707 1388 iter
730 1331 842 1389 Xerxes
864 1350 939 1388 anno
960 1342 1090 1391 vertente

143 1412 161 1465 5
182 1409 355 1478 confecerat,
370 1412 418 1468 hic
440 1412 586 1468 transierit
607 1411 726 1486 triginta
750 1410 861 1467 diebus.
904 1410 1006 1478 Quum
1027 1411 1090 1486 jam

182 1488 259 1545 haud
274 1490 314 1545 ita
328 1490 412 1565 longe
428 1491 540 1546 abesset
554 1509 571 1546 a
586 1489 789 1564 Peloponnes0,
800 1489 938 1545 obsistere
952 1490 980 1545 ei
994 1490 1090 1547 conati

181 1578 248 1624 sunt
262 1568 456 1625 Athenienses
471 1579 498 1624 et
513 1568 625 1636 Boeotii,
641 1569 788 1642 ceterique
802 1586 903 1623 eorum
917 1568 997 1636 socii,
1013 1567 1089 1642 apud

142 1649 160 1701 6
181 1645 358 1703 Coroneam:
379 1666 451 1721 quos
465 1666 564 1703 onmes
578 1647 662 1723 gravi
678 1646 780 1720 proelio
794 1647 873 1703 vicit.
916 1645 1016 1721 Hujus
1030 1647 1089 1704 vio·

181 1726 261 1781 toriae
270 1726 315 1781 vel
331 1726 458 1781 maxima
470 1724 523 1782 fuit
537 1725 611 1793 laus,
622 1724 706 1800 quod,
717 1743 808 1799 quum
822 1725 954 1799 plerique
967 1743 1004 1780 ex
1020 1723 1089 1802 fuga

181 1822 212 1858 se
228 1805 257 1859 iu
273 1805 411 1880 templum
429 1805 568 1861 Minervae
585 1803 785 1878 conjecissent,
800 1811 1038 1877 quaerereturque
1053 1802 1089 1860 ah

159 1938 165 1949 ,
180 1901 223 1950 eo,
238 1883 305 1958 quid
333 1885 377 1940 his
391 1884 454 1940 fieri
480 1882 576 1950 vellet,
591 1883 644 1939 etsi
668 1881 776 1956 aliquot
790 1881 913 1937 vulnera
935 1890 1089 1956 acceperat

180 1979 214 2017 eo
238 1963 347 2036 proelio,
370 1973 399 2019 et
423 1964 515 2019 iratus
538 1961 689 2017 videbatur
712 1959 853 2027 omnihus,
876 1960 927 2034 qui
950 1959 1088 2016 adversus

181 2057 262 2096 arma
286 2041 422 2109 tulerant,
438 2052 535 2097 tamen
562 2039 694 2095 antetulit
719 2039 770 2094 iroe
792 2038 970 2113 religionem,
992 2048 1022 2095 et
1040 2057 1088 2095 eos

140 2120 159 2173 7
181 2119 271 2173 vetuit
285 2119 397 2173 violari.
440 2119 544 2192 Neque
561 2136 628 2174 vero
643 2118 696 2173 hoc
711 2117 804 2173 solum
827 2116 856 2171 in
877 2116 994 2173 Graecia
1009 2115 1086 2186 fecit,

180 2205 211 2250 ut
225 2196 333 2269 templa
348 2196 466 2251 deorum
481 2205 582 2252 sancta
596 2196 714 2252 haberet
727 2215 735 2266 3
759 2194 809 2250 sed
825 2194 910 2250 etiam
926 2194 1002 2270 apud
1023 2195 1086 2251 bar-

180 2272 264 2328 baros
278 2292 392 2328 summa
414 2275 551 2350 religione
572 2276 669 2329 omnia
691 2273 850 2329 simulacra
875 2291 999 2348 arasque
1020 2291 1086 2330 oon-

141 2355 158 2407 8
180 2351 316 2406 servavit.
360 2350 460 2425 ltaque
483 2351 666 2427 praedicabat,
682 2352 782 2407 mirari
797 2370 837 2419 se,
852 2369 908 2407 non
931 2351 1102 2428 sacrilego-r

180 2445 245 2482 rum
260 2447 380 2484 numero
395 2430 502 2497 haberi,
518 2430 567 2503 qui
582 2431 762 2505 supplicibus
777 2448 877 2486 eorum
899 2431 1065 2487 nocuissent
1074 2449 1083 2502 ;

181 2515 230 2562 aut
245 2525 299 2562 non
315 2509 496 2583 gravioribus
510 2509 603 2583 poenis
619 2509 695 2564 allici
720 2509 770 2582 qui
793 2509 961 2584 religionem
976 2509 1084 2566 minue-

180 2595 252 2646 rent.
267 2605 355 2661 quam
370 2588 420 2662 qui
436 2586 503 2644 fana
518 2588 681 2663 spoliarent.

141 2667 156 2722 1
219 2664 240 2720 ll
281 2664 347 2723 Post
361 2667 413 2724 hoc
429 2667 563 2742 proelium
575 2667 713 2722 collatum
728 2674 771 2721 est
784 2683 867 2720 omne
883 2663 993 2720 bellum
1004 2665 1084 2722 circa

139 2745 158 2799 2
179 2742 357 2814 Corinthum,
383 2746 504 2820 ideoque
525 2745 706 2801 Corinthium
731 2754 774 2800 est
797 2743 983 2819 appellatum.
1026 2742 1085 2800 Hic

178 2841 267 2896 quum
284 2842 342 2880 una
356 2843 453 2900 pugna
468 2824 568 2880 decem
583 2823 674 2879 millia
696 2822 829 2889 hostium,
845 2821 986 2901 Agesilao
1000 2821 1083 2889 duce,
1149 2821 1153 2829 '

178 2901 358 2969 cecidissent,
381 2920 472 2975 eoque
496 2900 572 2956 facto
594 2920 662 2976 opes
683 2900 915 2956 adversariorum
930 2899 1084 2956 debilitatae

178 2977 364 3033 viderentur:
385 2988 497 3034 tantum
512 2977 603 3035 absuit
623 2980 658 3035 ab
673 2978 823 3035 insolentia
837 2978 946 3054 gloriae,
964 2989 994 3034 ut
1008 2997 1083 3035 oom-

177 3054 331 3111 miseratus
355 3055 391 3111 sit
417 3055 558 3111 fortunam
584 3056 715 3125 Graeciae,
737 3057 811 3130 quod
829 3066 886 3112 tarn
910 3056 994 3112 multi
1017 3075 1035 3112 a
1053 3075 1084 3113 se

179 3132 248 3188 victi
277 3133 344 3189 vitio
373 3133 604 3190 adversariorum
632 3135 841 3192 concidissent:
876 3151 1004 3208 namque
1032 3135 1084 3190 illa

178 3209 370 3279 multitudine,
398 3212 422 3268 si
450 3231 522 3268 sana
547 3230 628 3268 mens
650 3224 734 3280 esset,
761 3213 885 3269 Graeciae
907 3212 1083 3286 supplicium

138 3293 156 3345 3
179 3286 282 3344 Persas
310 3289 378 3346 dare
407 3291 541 3364 potuisse.
584 3289 663 3347 Idem
691 3310 782 3365 quum
806 3290 985 3346 adversarios
1009 3291 1084 3346 intra

177 3367 284 3422 moenia
298 3368 490 3442 compulisset,
507 3380 543 3437 et,
565 3380 597 3425 ut
610 3368 779 3425 Corinthum
797 3371 985 3444 oppugnaret,
1001 3367 1084 3424 multi

178 3444 370 3513 hortarentur,
386 3448 512 3520 negavit,
528 3447 555 3502 id
577 3466 638 3502 suae
652 3448 749 3503 virtuti
765 3447 937 3503 convenire:
959 3464 991 3502 se
1007 3447 1083 3502 enirn

176 3541 244 3579 eum
259 3542 321 3580 esse
336 3523 414 3591 dixit,
430 3525 479 3598 qui
495 3524 530 3580 ad
544 3524 671 3581 officium
686 3536 840 3600 peccantes
850 3523 942 3580 redire
957 3533 1084 3601 cogeret,

137 3604 157 3660 4
177 3619 243 3673 non,
258 3602 309 3679 qui
323 3602 410 3659 urbes
424 3601 616 3660 nobilissimas
629 3612 810 3680 expugnaret
831 3601 966 3660 Graeciae.
1007 3597 1086 3660 Natu
