2474 4080
183 291 244 351 104
294 284 402 348 XXV.
450 290 497 346 la.
544 279 597 366 (T.
612 279 809 362 Pomponius
823 278 1003 362 Atticus)

179 437 263 494 liator
277 435 330 493 fuit
345 435 415 510 (non
430 445 473 493 es't
487 435 564 490 enirn
574 429 743 509 celandum)
758 430 799 487 M.
817 431 971 500 Antonius,
987 433 1087 489 trium·

179 517 228 571 vir
242 515 409 589 reipublicae
421 512 644 569 constituendae:
666 510 752 584 cujus
765 511 860 585 gratia
873 527 965 583 quum
980 528 1088 587 augere

179 594 371 668 possessiones
395 601 489 666 posset
509 607 587 658 suas,
602 599 714 644 tantum
730 587 821 643 abfuit
835 604 853 641 a
868 587 1026 663 cupiditate
1040 608 1087 664 pe.

180 673 282 740 cuniae,
300 679 331 725 ut
353 670 434 725 nulla
458 670 487 724 in
509 687 539 723 re
556 686 627 723 usus
646 668 684 722 sit
706 685 749 732 ea,
766 666 821 721 nisi
844 666 873 720 in
899 664 1088 741 deprecandis

141 752 159 805 3
183 751 342 805 amicorum
364 756 414 804 aut
439 747 586 823 periculis,
608 755 658 801 aut
679 743 875 800 incommodis.
918 742 1005 807 Quod
1025 746 1086 820 qui·
1149 758 1151 762 ’

180 826 245 882 dem
259 828 313 882 sub
328 828 389 899 ipsa
407 824 612 899 proscriptione
628 823 791 899 perillustre
807 819 871 878 fuit.
905 821 985 878 Nam
996 842 1087 898 quum

180 903 217 961 L.
234 903 355 972 Saufeii,
371 904 474 978 equitis
490 902 622 968 Romani,
637 901 759 975 aequalis
779 900 834 967 sui,
850 900 901 975 qui
923 902 1087 977 complures

181 1001 279 1050 annos
308 981 401 1038 studio
428 979 531 1036 ductus
559 979 751 1054 philosophiae,
777 978 900 1035 Athenis
928 978 1085 1048 habitabat,

180 1059 359 1134 habebatque
386 1060 416 1114 in
440 1058 523 1114 ltalia
546 1058 683 1133 pretiosas
711 1057 911 1131 possessiones,
940 1058 1086 1115 triumviri

182 1138 252 1193 bona
267 1135 459 1193 vendidissent
483 1134 689 1192 consuetudine
711 1153 756 1202 ea,
771 1152 830 1209 qua
854 1145 915 1190 tum
938 1154 985 1193 res
1005 1154 1085 1212 gere·

152 1275 156 1280 ,
180 1215 297 1270 bantur:
331 1215 420 1270 Attici
446 1215 543 1270 labore
567 1224 652 1286 atque
680 1212 820 1268 industria
846 1211 954 1269 factum
980 1225 1032 1283 est,
1056 1224 1087 1272 ut

180 1292 402 1347 ecdem·nuntio
425 1291 562 1348 Saufeius
585 1291 667 1347 fieret
691 1292 803 1359 certior,
829 1309 859 1346 se
881 1293 1085 1365 patrimonium

141 1371 309 1426 ⁴lamisisse
337 1378 366 1425 et
391 1388 587 1444 recuperasse.
630 1368 709 1426 Idem
737 1368 774 1425 L.
803 1368 915 1425 Julium
940 1369 1084 1442 Calidum,

179 1466 264 1521 quem
281 1457 339 1522 post
362 1447 493 1504 Lucretii
515 1448 680 1523 Catullique
696 1457 814 1504 mortem
829 1446 919 1503 multo
933 1449 1084 1525 elegantis·

179 1526 282 1580 simum
299 1534 409 1601 poetam
424 1538 550 1583 nostram
565 1527 664 1582 tulisse
680 1536 792 1582 aetatem
807 1543 875 1581 vere
889 1526 990 1583 videor
1004 1546 1085 1603 posse

180 1605 359 1670 contendere,
376 1623 468 1678 neque
490 1607 585 1661 minus
600 1605 694 1659 virum
720 1605 825 1660 bonum
848 1604 1019 1680 optimisque
1042 1624 1085 1663 ar.

179 1682 255 1737 tibus
282 1681 436 1750 eruditum,
465 1694 527 1759 post
554 1683 788 1758 proscriptionem
817 1683 947 1756 equitum
973 1695 1085 1759 propter

179 1778 301 1835 magnos
327 1761 391 1836 ejus
415 1761 569 1818 Africanas
593 1763 785 1836 possessiones
807 1761 836 1816 in
862 1762 1085 1837 proscriptorum

179 1855 333 1895 numerum
357 1859 374 1896 a
402 1840 433 1896 P.
461 1839 625 1907 Volumnio,
649 1838 784 1914 praefecto
812 1837 927 1894 fabrum
955 1840 1084 1909 Antonii,

140 1917 158 1969 5
180 1917 326 1974 absentem
343 1919 473 1985 relatum,
490 1918 643 1993 expedivit.
694 1916 778 1981 Quod
794 1918 824 1972 in
839 1918 973 1991 praesenti
988 1926 1084 1975 utrum

179 1996 206 2049 ei
222 1997 391 2052 laboriosius
407 2016 442 2052 an
457 1997 608 2071 gloriosius
624 1995 718 2062 fuerit,
734 1995 851 2051 difficile
867 1994 921 2051 fuir
932 1995 1084 2070 judicare:

179 2075 252 2146 quod
269 2075 297 2128 in
313 2094 411 2130 eorum
428 2075 574 2148 periculis,
587 2093 642 2129 non
658 2093 743 2130 secus
759 2074 898 2141 absentes,
914 2092 1002 2149 quam
1014 2093 1086 2151 prta·

179 2162 272 2207 sentes
287 2153 394 2207 amicos
410 2153 508 2208 Attico
523 2172 585 2207 esse
600 2170 687 2218 curae,
703 2153 849 2226 cognitum
864 2161 916 2209 est.

141 2230 156 2283 l
205 2229 300 2284 ·xl11.
323 2230 428 2302 Neque
444 2249 512 2285 vero
526 2230 621 2285 minus
643 2230 692 2285 ille
708 2230 752 2285 vir
771 2231 862 2286 honus
877 2230 1085 2304 paterfamilias

179 2305 293 2361 habitus
309 2317 359 2374 est,
380 2325 467 2380 quam
489 2309 570 2363 civis.
613 2308 692 2363 Nam
708 2327 797 2382 quum
812 2319 887 2365 esset
902 2311 1083 2383 pecuniosus,

178 2402 262 2439 nemo
283 2384 332 2439 illo
353 2386 448 2440 minus
474 2383 528 2440 suit
552 2404 645 2453 emax,
662 2387 757 2442 minus
771 2386 936 2442 aedificator.
979 2388 1084 2462 Neque

179 2471 272 2516 tamen
289 2480 344 2517 non
359 2464 388 2517 in
404 2464 503 2537 primis
519 2464 588 2519 bene
604 2464 751 2532 habitavit,
766 2465 956 2539 omnibusque
971 2468 1084 2541 optimis

139 2542 158 2593 2
180 2540 266 2595 rebus
281 2559 351 2596 usus
365 2552 418 2598 est.
460 2541 540 2598 Nam
555 2541 669 2598 domum
685 2543 784 2598 habuit
805 2543 833 2597 in
849 2542 922 2598 colle
938 2543 1084 2608 Quirinali

179 2617 413 2694 Tamphilanam‚
431 2621 467 2676 ab
483 2621 628 2677 avunculo
649 2620 806 2676 hereditate
828 2621 977 2678 relictam:
999 2623 1085 2698 cujus

179 2699 331 2755 amoenitas
346 2718 399 2755 non
416 2699 544 2767 aedificio,
560 2699 608 2755 sed
622 2688 698 2754 sslva
709 2698 866 2754 constabat.
898 2698 996 2775 Ipsum
1008 2702 1084 2757 enirn

178 2783 294 2843 tectum,
311 2779 467 2852 antiquitus
482 2779 674 2844 constitutum,
685 2776 750 2850 plus
764 2777 842 2844 salis
854 2796 941 2851 quam
951 2791 1083 2855 sumptus

179 2855 318 2910 hahebat:
340 2857 368 2909 in
384 2875 441 2930 quo
458 2857 525 2911 nihil
542 2856 737 2923 commutavit,
753 2856 809 2910 nisi
823 2856 847 2910 si
862 2855 930 2929 quid
943 2867 1083 2915 vetustate

139 2930 157 2982 3
179 2944 296 2986 coactus
311 2944 363 3008 est.
406 2934 484 2990 Usus
499 2945 541 2988 est
567 2933 686 3002 familia,
702 2935 726 2989 si
749 2934 870 2990 utilitate
892 2934 1083 3008 judicandum

177 3018 229 3075 est,
251 3011 375 3082 optima3
399 3011 423 3065 si
447 3009 546 3077 forma,
572 3012 621 3065 vix
646 3012 792 3068 mediocri.
835 3011 972 3087 Namque
995 3015 1023 3070 in
1048 3031 1083 3070 ea

178 3095 260 3141 erant
285 3088 367 3159 pueri
382 3087 588 3155 litteratissimi,
604 3101 769 3164 anagnostae
792 3091 898 3164 optimi,
915 3101 943 3147 et
968 3092 1083 3168 plurimi

177 3162 297 3232 librarii,
314 3174 344 3219 ut
365 3183 401 3221 ne
425 3165 597 3241 pedisequus
621 3169 738 3242 quidem
759 3170 913 3242 quisquam
929 3181 1013 3239 esset,
1034 3171 1083 3244 qui

176 3259 233 3296 non
248 3250 402 3314 utrumque
417 3243 519 3300 horum
535 3246 655 3320 pulchre
671 3245 767 3303 facere
783 3257 896 3322 posset3
921 3244 982 3322 pari
1002 3248 1084 3305 modo

178 3318 302 3397 artifices
317 3322 415 3389 ceteri,
437 3341 508 3397 quos
523 3323 619 3379 cultus
633 3323 808 3380 domesticus
822 3325 974 3393 desiderat,
991 3327 1083 3402 appri-

137 3399 156 3452 4
178 3415 223 3453 me
246 3398 319 3454 boni.
362 3399 467 3473 Neque
493 3412 587 3457 tamen
610 3403 711 3457 horum
726 3422 912 3477 quemquam,
927 3407 982 3461 nisi
1007 3404 1083 3461 domi

175 3486 275 3532 natum
296 3475 428 3557 domique
451 3478 568 3546 factum,
589 3480 704 3536 habuit:
727 3481 802 3555 quod
823 3491 866 3538 est
890 3483 1006 3558 signum
1027 3499 1082 3538 non

175 3554 269 3610 solum
283 3557 472 3625 continentiae,
488 3557 536 3613 sed
559 3559 645 3613 etiam
669 3558 835 3634 diligentiae.
878 3561 957 3617 Nam
979 3571 1008 3619 et
1028 3577 1082 3617 non

175 3632 399 3710 intemperanter
426 3636 642 3710 concupiscere,
670 3637 744 3712 quod
774 3657 791 3694 a
818 3639 951 3714 plurimis
973 3639 1082 3708 rideas,
