2474 4080
349 250 474 335 XXlll.
517 268 558 346 9,
570 278 617 335 10.
664 270 869 355 (Hannibal.)
1018 281 1060 339 93

153 423 263 503 duplex
278 425 418 482 memoria
442 425 552 500 prodssta
572 435 624 481 est.
666 425 803 500 Namque
827 426 877 484 alii
898 425 1059 502 naufragio,

154 503 205 560 alii
220 523 238 560 a
251 505 344 560 servis
368 504 459 578 ipsius
483 501 667 559 intersectum
682 522 758 572 eum,
773 506 913 579 scriptum
935 506 1057 579 relique-

154 591 231 638 runt.
273 581 437 638 Antiochus
452 591 556 648 autem,
572 583 669 637 sitam
693 583 722 637 in
738 582 848 658 agendo
868 583 943 641 bello
957 602 1058 657 parere
1079 587 1097 640 3

153 659 293 717 voluisset
307 660 435 716 consiliis
449 659 520 733 ejus,
536 678 624 733 quam
646 660 675 714 in
690 660 871 734 suscipiendo
886 663 1056 730 instituerat,

153 739 271 813 propius
286 738 395 805 Tiberi,
411 757 497 812 quam
520 737 726 812 Thermopylis
750 738 785 794 de
810 757 923 794 summa
945 741 1058 815 imperii

152 816 330 873 dimicasset.
373 817 469 881 Quem
484 817 537 872 etsi
559 817 651 872 multa
665 816 751 873 stulte
766 817 864 872 conari
879 816 1000 885 videbat,
1016 828 1056 873 ta-

152 912 220 950 men
236 894 318 951 nulla
332 894 456 951 deseruit
471 896 500 950 in
516 912 557 949 re.
594 893 710 950 Praefuit
725 894 825 968 paucis
839 895 969 963 navibus,
984 914 1057 969 quas
1077 899 1096 952 4

152 989 189 1027 ex
205 973 294 1045 Syria
310 973 409 1048 jussus
424 982 486 1029 erat
506 973 536 1028 in
552 973 654 1028 Asiam
669 972 787 1040 ducere,
803 972 904 1046 hisque
921 972 1057 1029 adversus

153 1048 331 1107 Rhodiorum
345 1052 467 1107 classem
483 1051 513 1106 in
535 1049 704 1125 Pamphylio
718 1051 791 1106 mari
811 1051 947 1107 conflixit.
989 1051 1057 1115 Quo

152 1146 242 1201 quum
257 1129 440 1185 multitudiue
455 1128 685 1185 adversariorum
700 1129 745 1184 sui
759 1139 973 1203 superarentur,
985 1130 1055 1205 ipse,

151 1224 208 1280 quo
223 1225 313 1264 cornu
329 1226 389 1264 rem
404 1209 501 1282 gessit,
517 1205 570 1262 fuit
584 1207 723 1282 superior.

191 1282 244 1341 lx.
267 1287 412 1342 Antiocho
428 1284 534 1361 fugato,
550 1304 662 1352 verens,
677 1303 713 1340 ne
727 1284 841 1341 dederet
880 1327 887 1353 ,
903 1285 978 1359 quod
992 1285 1054 1342 sina
1077 1290 1092 1343 1

150 1360 238 1420 dubio
252 1364 412 1432 accidisset,
428 1363 452 1420 si
477 1365 522 1420 sui
548 1362 662 1420 fecisset
687 1373 861 1438 potestatem,
877 1363 992 1420 Cretam
1017 1363 1054 1420 ad

151 1439 307 1516 Gortynios
321 1444 408 1511 venit,
424 1452 456 1499 ut
480 1443 528 1510 ibi,
544 1444 600 1517 quo
622 1461 653 1498 se
666 1440 825 1508 conferret,
849 1441 1051 1498 consideraret.

151 1517 232 1576 Vidit
255 1530 350 1576 autem
366 1522 411 1577 vir
432 1521 560 1577 omnium
583 1519 794 1586 callidissimus,
809 1537 913 1594 magno
937 1539 968 1576 se
993 1518 1093 1576 fore2

149 1597 289 1670 periculo,
303 1599 358 1654 nisi
383 1599 452 1673 quid
477 1598 653 1674 providisset,
670 1607 784 1672 propter
809 1599 959 1654 avaritiam
984 1598 1051 1654 Cre-

148 1676 284 1731 tensium.
327 1676 466 1752 Magnam
480 1677 556 1733 enim
572 1695 672 1733 secum
693 1676 845 1751 pecuniam
865 1677 1001 1750 portabat,
1016 1676 1052 1732 de

149 1769 208 1825 qua
222 1754 332 1810 sciebat
342 1756 435 1812 exisse
452 1755 568 1811 famam.
611 1754 711 1828 ltaque
726 1754 803 1828 capit
817 1753 874 1809 tale
889 1754 1049 1810 consilium.
1073 1758 1091 1811 3

150 1831 315 1906 Amphoras
339 1834 501 1909 complures
515 1833 638 1906 complet
652 1832 770 1906 plumbo
780 1850 788 1900 3
810 1849 938 1887 summas
961 1832 1052 1906 operit

149 1926 221 1966 auro
234 1919 263 1966 et
278 1922 406 1985 argento.
449 1911 520 1979 Has,
536 1911 725 1986 praescntihus
739 1909 924 1984 principibus,
940 1909 1053 1984 deponit

147 1986 178 2040 in
192 1988 298 2063 templo
313 1987 424 2057 Dianae,
436 1990 584 2057 simulans,
595 2008 625 2044 se
637 2007 705 2044 suas
720 1986 848 2045 fortunas
861 1987 976 2044 illorum
986 1987 1052 2043 fidei

147 2065 277 2122 credere.
320 2065 375 2123 His
388 2068 417 2122 in
432 2086 559 2124 errorem
582 2067 716 2133 inductis,
731 2075 840 2123 statuas
860 2084 964 2134 aeneas,
980 2084 1053 2140 quas

136 2156 248 2200 ‘secum
264 2144 401 2220 portabat,
416 2164 515 2202 omnes
530 2164 583 2201 sua
606 2146 730 2219 pecunia
744 2144 875 2220 complet,
891 2163 997 2219 easque
1022 2144 1051 2199 in

147 2223 298 2296 propatulo
312 2223 388 2279 domi
403 2224 510 2298 abjicit.
554 2223 687 2298 Gortynii
706 2224 843 2298 templum
860 2242 965 2299 magna
979 2241 1050 2280 cura
1072 2226 1091 2279 4

148 2301 321 2369 custodiunt,
336 2320 392 2358 non
418 2311 476 2358 tam
492 2304 515 2358 'a
530 2303 642 2371 ceteris,
665 2321 752 2377 quam
768 2302 803 2358 ab
825 2302 999 2370 Hannibale,
1014 2320 1051 2358 ne

146 2377 206 2446 ille,
222 2379 410 2436 inscientibus
423 2380 476 2448 his,
492 2380 603 2437 tolleret
617 2400 774 2454 secumque
789 2379 917 2436 duceret.

188 2454 224 2512 X.
248 2457 308 2526 Sic,
333 2460 510 2515 conservatis
524 2459 584 2515 suis
608 2460 702 2528 rebus,
727 2460 842 2525 Poenus,
868 2458 961 2515 illusis
982 2458 1050 2515 Cre·
1072 2462 1088 2515 1

146 2535 276 2592 tensibus
303 2538 445 2606 omnibus,
474 2537 509 2593 ad
544 2537 676 2594 Prusiam
704 2539 733 2592 in
762 2536 882 2592 Pontum
910 2538 1049 2610 pervenit.

147 2612 235 2686 Apud
251 2633 337 2688 quem
352 2615 450 2671 eodem
466 2617 561 2672 animo
576 2615 628 2672 fuit
643 2634 712 2690 erga
727 2614 848 2680 ltaliam,
864 2632 957 2687 neque
973 2612 1050 2669 aliud

146 2691 304 2765 quidquam
320 2694 387 2768 egit,
403 2712 491 2767 quam
506 2713 604 2770 regem
619 2694 741 2749 armavit
756 2702 783 2748 et
804 2692 936 2747 exercuit
951 2691 1049 2746 adver-

146 2786 197 2825 sus
218 2769 374 2827 Romanos.
417 2772 514 2836 Quem
539 2792 629 2846 quum
645 2771 754 2827 videret
779 2769 940 2825 domesticis
965 2769 1051 2824 rebus
1071 2771 1090 2823 2

147 2847 244 2903 minus
258 2867 320 2904 esse
343 2849 499 2918 robustum,
515 2851 688 2907 conciliabat
712 2859 822 2905 ceteros
843 2865 934 2924 reges,
951 2846 1050 2921 adjun-

146 2925 290 3000 gebatque
316 2927 467 2985 bellicosas
490 2930 628 2985 nationes.
671 2926 833 2984 Dissidebat
848 2926 883 2982 ab
897 2946 931 2983 eo
946 2925 1050 3001 Perga-

146 3021 250 3060 menus
265 3023 325 3074 rex,
341 3006 497 3075 Eumenes,
514 3007 652 3064 Romanis
667 3007 867 3074 amicissimus,
884 3005 1049 3079 bellumque

146 3081 220 3138 inter
235 3103 284 3139 eos
297 3086 489 3158 gerebaturet
504 3086 577 3142 mari
591 3095 619 3141 et
633 3066 726 3141 te'rra:
749 3104 805 3160 quo
816 3085 907 3158 magis
916 3085 1050 3159 cupiebat

146 3177 214 3216 cum
240 3161 388 3219 Hannibal
403 3165 534 3239 opprimi.
577 3162 634 3220 Sed
660 3165 808 3237 utrobique
824 3162 971 3219 Eumenes
986 3163 1089 3238 plusd

146 3239 261 3295 valebat
276 3251 391 3315 propter
405 3241 599 3298 Romanorum
614 3242 797 3298 societatem:
819 3259 906 3315 quem
921 3242 944 3296 si
960 3259 1047 3297 remo-

146 3317 242 3384 visset,
260 3317 390 3376 faciliora
405 3321 458 3375 sibi
473 3330 570 3376 cetera
586 3320 645 3376 iore
665 3320 866 3377 arbitrabatur.
910 3318 957 3373 Ad
972 3319 1050 3375 hunc

145 3394 377 3452 interficiendum
394 3399 480 3453 talem
496 3399 558 3454 iniit
573 3399 720 3454 rationem.
763 3397 862 3454 Classe
878 3397 977 3469 paucis
992 3397 1048 3452 die·
1070 3401 1088 3454 4

146 3472 200 3529 bus
214 3486 298 3530 erant
312 3475 466 3532 decreturi.
503 3477 701 3551 Superabatur
717 3478 835 3532 navium
850 3473 1049 3529 multitudine:

146 3549 210 3608 dolo
224 3564 286 3609 erat
308 3553 505 3628 pugnandum,
521 3573 610 3628 quum
632 3573 684 3628 par
698 3572 752 3610 non
768 3562 843 3609 esset
858 3551 954 3604 armis.
995 3549 1049 3607 lm-

146 3633 258 3705 peravit
272 3650 361 3708 quam
374 3632 514 3708 plurimas
522 3642 678 3690 venenatas
686 3638 833 3708 serpente
847 3626 928 3683 vivas
941 3627 1049 3705 colligi,
