2474 4080
345 232 450 298 XVII.
493 243 523 310 6,
538 245 567 310 7,
582 243 612 300 8.
659 235 865 319 (Agesilaus.)
1014 240 1054 302 'tl

149 406 187 460 aa,
209 386 312 463 inquit,
327 405 375 443 eos
392 390 564 462 exstinguere
584 390 761 456 voluerimus,
779 392 828 463 qni
845 389 985 446 nobiscum
1006 389 1057 446 nd-

151 486 250 525 versas
264 466 397 522 barbaros
411 475 550 535 steterant,
564 470 723 559 nosmetipsi
736 487 786 524 nos
801 471 1057 542 enpngnovarimns,

149 547 210 603 illis
223 534 434 621 quiescentibus
479 543 542 617 Quo
556 544 640 623 facto
653 549 713 603 aine
733 549 848 621 negotio,
869 565 952 620 quum
966 548 1055 604 volne-

148 627 215 692 rint,
230 642 282 680 nos
295 631 456 696 oppnntent

190 702 244 759 VI.
268 701 387 758 Interim
402 700 507 759 accidit
521 701 573 757 illa
587 701 739 758 calamitas
754 702 829 777 apud
855 702 984 760 Leuctra
998 701 1054 759 La·
1079 706 1093 761 1

148 779 352 838 cedaemoniis:
373 799 430 854 quo
444 799 480 836 ne
503 781 743 855 proficisceretur,
760 799 850 854 quum
871 801 889 837 a
912 782 1057 856 plerisque

149 859 186 915 ad
201 856 367 916 exeundum
381 870 569 934 premeretur,
586 870 617 914 ut
631 859 654 914 si
670 857 705 914 de
719 860 798 915 exitu
813 859 962 926 divinaret,
977 861 1056 914 exire

148 937 253 993 noluit.
283 935 372 1004 Idem,
386 955 477 1011 quum
492 935 708 1010 Epaminondas
723 936 855 1011 Spartam
867 947 1054 1012 oppugnaret,
1131 967 1134 972 ·

148 1025 283 1090 essetque
307 1015 482 1071 sinemuris
506 1013 651 1089 oppidum,
678 1015 765 1070 talem
794 1033 825 1070 se
854 1016 1056 1090 imperatorem

149 1093 280 1169 praebuit,
306 1101 337 1148 ut
361 1111 395 1149 eo
419 1102 546 1167 ternpore
570 1093 703 1148 omnibus
726 1094 900 1168 apparuerit,
926 1093 981 1148 nisi
1005 1092 1055 1148 ille

149 1169 260 1239 fuisset,
287 1169 419 1246 Spartam
445 1169 573 1227 futuram
595 1188 651 1226 non
675 1169 773 1226 fuisse.
815 1169 847 1227 In
868 1190 925 1246 quo
939 1170 1054 1245 quidem
1076 1175 1095 1227 2

149 1249 315 1307 discrimine
340 1249 475 1305 celeritas
499 1247 562 1322 ejus
586 1248 698 1304 consilii
723 1248 809 1305 saluti
831 1247 885 1306 fuit
900 1250 1053 1305 universis.

149 1327 228 1384 Nam
242 1345 332 1402 quum
347 1326 464 1400 quidam
479 1324 693 1395 adolescentuli,
709 1327 832 1383 bostium
853 1327 978 1383 adventu
992 1345 1055 1402 per-

148 1406 251 1474 territi,
268 1405 303 1461 ad
318 1403 473 1461 Thebanos
486 1403 669 1479 transfugere
683 1404 799 1473 vellent,
814 1417 842 1462 et
863 1404 959 1462 locum
973 1416 1056 1462 extra

149 1484 250 1540 urbem
276 1482 384 1538 editum
405 1483 548 1558 cepissent
560 1502 569 1553 ;
598 1483 763 1558 Agesilaus,
778 1485 828 1557 qui
850 1484 1054 1559 perniciosissi-

133 1580 230 1628 ,mum
256 1559 315 1618 fore
336 1561 454 1629 videret,
469 1561 493 1616 si
520 1561 752 1617 animadversum
775 1572 1055 1637 essetquamquam

150 1639 185 1696 ad
207 1641 302 1697 hostes
315 1638 497 1714 transfugere
512 1640 620 1707 conari,
637 1658 704 1696 cum
719 1641 779 1696 suis
801 1660 835 1696 eo
849 1642 935 1708 venit,
959 1651 1054 1715 atque,

150 1729 182 1775 ut
202 1718 226 1774 si
249 1719 322 1773 bono
343 1717 438 1772 animo
462 1716 606 1786 fecissent,
622 1717 752 1774 laudavit
775 1719 928 1774 consilium
943 1737 1053 1786 eorum,

149 1795 225 1929 quod
239 1808 307 1853 eum
322 1796 418 1852 locum
432 1806 630 1870 occupassent,
645 1805 674 1852 et
696 1815 726 1852 se
747 1795 774 1851 id
796 1814 909 1870 quoque
923 1797 986 1851 fieri
1006 1795 1053 1851 de-

170 1892 218 1930 ere
234 1872 481 1930 animadvertisse.
524 1873 573 1930 Sic
591 1873 818 1930 adolescentulos
832 1873 967 1929 simulata
991 1872 1053 1929 lau·
1075 1877 1094 1930 3

149 1951 261 2008 datione
273 1952 465 2026 recuperavit,
481 1961 509 2008 et
523 1952 641 2027 adjunct
630 1953 666 2008 tis
680 1952 715 2007 de
727 1952 787 2008 suis
796 1952 947 2008 comitibus
958 1951 1054 2007 locum

148 2039 192 2087 tut
194 2048 243 2086 um
258 2030 383 2104 reliquit.
425 2029 561 2104 Namque
576 2031 627 2099 illi,
643 2041 728 2086 aucto
746 2047 989 2095 numerosorum,
1004 2029 1054 2103 qui

148 2118 279 2183 expertes
293 2118 376 2164 erant
391 2108 511 2177 consilii,
526 2126 706 2165 commovere
721 2128 751 2165 se
766 2127 822 2165 non
837 2119 903 2165 sunt
921 2109 992 2175 ausi,
1008 2127 1053 2164 eo-

147 2205 204 2261 que
219 2186 364 2254 libentius‚
376 2186 451 2260 quod
466 2187 506 2243 lat
495 2197 556 2243 tere
571 2179 793 2255 arbitrabantur,
808 2187 1052 2262 quoecogitarant.

188 2264 254 2321 VII.
278 2263 347 2320 Sine
372 2263 459 2321 dubio
481 2273 542 2340 post
566 2264 752 2322 Leuctricam
775 2285 901 2341 pugnam
916 2264 1051 2322 Lacedae
1075 2268 1089 2323 1

149 2344 236 2398 monii
250 2361 280 2398 se
295 2361 454 2417 numquam
469 2341 642 2411 refecerunt,
658 2362 751 2417 neque
773 2345 924 2419 pristinum
939 2344 1052 2417 imperi-

149 2439 197 2476 um
214 2430 439 2494 recuperarunt.
460 2439 551 2495 quum
566 2422 608 2478 int
609 2422 679 2476 erim
696 2422 852 2496 Agesilaus
866 2440 922 2478 non
938 2421 1051 2489 destitit,

147 2499 378 2588 quibuscumque
406 2500 493 2555 rebus
521 2509 621 2574 posset,
650 2501 772 2574 patriam
797 2498 911 2572 juvare.
973 2499 1091 2555 Nam2

147 2595 237 2651 quum
263 2577 407 2652 praecipue
432 2575 645 2634 Lacedaemonii
666 2576 827 2651 indigerent
847 2577 980 2650 pecunia,
1002 2577 1052 2632 ille

147 2655 288 2722 omnibus,
303 2655 353 2729 qui
368 2673 385 2710 a
399 2673 467 2730 rege
482 2655 655 2724 defecerant,
672 2654 802 2730 praesidio
824 2653 894 2710 fuit:
917 2654 1052 2727 aquibus

148 2751 254 2809 magna
268 2732 388 2788 donatus
413 2734 537 2808 pecunia
562 2735 682 2810 patriam
697 2733 867 2788 sublevavit.
911 2731 952 2788 At
941 2742 1008 2804 tque
1022 2731 1051 2785 in
1073 2734 1092 2787 3

147 2810 201 2867 hoc
216 2810 310 2867 illud
302 2811 431 2885 inprimis
446 2809 500 2867 fuit
515 2811 691 2902 admirabile,
707 2829 797 2884 quum
812 2809 938 2865 maxima
952 2826 1051 2864 mune·

147 2907 180 2944 ra
194 2906 222 2944 er
214 2887 273 2943 ab
287 2888 411 2964 regibus,
422 2899 450 2945 et
464 2889 601 2962 dynastis,
613 2890 834 2963 civitatibusque
844 2886 1050 2956 conferrentur,

146 2965 222 3040 quod
236 2966 307 3021 nibil
323 2985 459 3040 umquam
482 2966 539 3042 [in]
554 2968 669 3024 domum
690 2986 771 3023 suam
787 2967 915 3035 contulit,
931 2966 1002 3022 nihil
1016 2965 1051 3022 de

147 3045 236 3111 victu,
251 3043 323 3099 nibil
337 3044 372 3100 de
388 3046 491 3100 vestitu
506 3043 655 3102 Laconum
672 3046 801 3101 mutavit.
844 3044 936 3102 Domo
950 3044 1050 3101 eadem
1071 3048 1090 3103 4

147 3119 200 3178 fuit
225 3132 385 3190 contentus,
410 3141 469 3196 qua
488 3122 696 3196 Borysthenes,
721 3125 884 3198 progenitor
908 3123 1051 3197 majorum

146 3219 273 3267 suorum,
287 3199 380 3256 fuerat
394 3220 480 3277 usus:
509 3220 595 3274 quam
610 3202 660 3274 qui
675 3201 803 3269 intrarat,
813 3202 1051 3276 nullumsignum

146 3277 280 3346 libidinis,
297 3278 410 3333 nullum
423 3278 549 3334 luxuriae
564 3278 660 3334 videre
675 3287 804 3353 poterat3
827 3289 926 3335 contra
940 3298 973 3334 ea
989 3278 1049 3353 plu-

147 3357 220 3411 rima
245 3357 389 3430 patientiae
411 3366 498 3430 atque
524 3356 710 3412 abstinentiae.
753 3355 802 3413 Sic
826 3358 902 3412 enim
924 3366 986 3411 erat
1009 3356 1050 3410 in·

146 3444 265 3502 structa,
292 3434 427 3490 utnulla
451 3435 481 3489 in
508 3452 539 3490 re
563 3433 690 3490 differret
710 3434 840 3510 cujusvis
860 3434 950 3508 inopis
965 3443 1051 3506 atque
1101 3458 1104 3465 ¹
1140 3465 1143 3468 Δ

166 3511 261 3567 rivati.

146 3528 269 3649 lell.
297 3588 395 3665 Atque
419 3590 467 3648 hic
487 3597 585 3648 tantus
608 3589 662 3661 vir,
688 3597 720 3648 ut
742 3597 878 3647 naturam
899 3586 1052 3644 fautricem
1073 3589 1089 3647 1
